2580 4514
552 244 899 345 ..pp-¹

150 433 215 500 opro
237 413 270 479 hl
292 412 468 500 probarim,
511 410 596 498 quod
617 411 759 477 nonnulli
781 411 950 491 dixerumt,
981 430 1051 477 cam
1073 412 1238 497 ajnvenc

153 516 301 582 Isocrate
322 534 401 580 esse
423 513 641 599 compositam.
686 510 765 577 Com
787 513 925 578 enimin
953 512 1026 578 aliis
1054 514 1137 580 locis
1167 534 1238 583 ms-

153 638 224 683 unm
246 614 405 682 Isocratis
427 615 575 700 idemque
597 613 761 678 scribendi
783 632 886 698 genus
908 611 994 699 qood
1014 614 1047 678 in
1069 615 1237 682 altison-

150 720 292 785 tionibus
313 734 489 801 agnoscas,
511 735 574 780 non
596 721 687 781 recte
709 714 877 794 censebis,
897 735 968 780 enm
989 714 1083 781 morlo
1098 716 1238 800 jrrvcni-

153 821 228 886 liter
249 819 344 885 modo
366 826 401 881 ut
429 820 531 882 virum
562 823 597 880 et
628 835 740 881 senem
769 818 957 901 scripsisse.
999 816 1073 882 Huc
1108 814 1237 883 accello

152 920 238 1007 quod
259 936 341 1005 qnae
362 918 435 1004 ipso
458 917 603 983 lsocrate
623 923 712 982 teste
732 914 765 981 in
787 918 901 985 nuntio.
931 916 967 1007 s.
992 913 1079 983 193.
1101 936 1145 981 ex
1167 916 1237 1003 pri·

154 1022 217 1088 ruis
238 1021 362 1106 scripta
383 1026 437 1084 est
456 1017 674 1098 orationibus,
697 1019 875 1084 orationem
897 1021 930 1085 in
951 1016 1131 1104 Sopbislas
1152 1015 1237 1103 dico,

152 1120 262 1189 hiatus
282 1138 347 1186 nou
370 1119 477 1185 habet
518 1117 634 1185 llirum
656 1119 754 1204 igitur·
773 1138 836 1184 nou
859 1126 931 1209 est,
957 1118 1041 1208 qnod
1070 1116 1144 1185 doun
1169 1118 1237 1205 sbi,

154 1222 187 1289 in
209 1222 322 1308 quibus
343 1219 435 1285 Hier.
460 1218 505 1284 W
508 1218 601 1286 olous
623 1226 657 1284 et
679 1220 749 1287 beo
771 1219 1028 1308 Allutinssnnt,
1070 1225 1136 1285 turn
1159 1238 1239 1285 ora·

154 1325 253 1390 tionis
274 1330 340 1388 tum
364 1327 609 1406 praeceptorum
631 1321 663 1385 id
685 1340 790 1405 genus
812 1340 889 1387 esse
910 1321 1179 1403 contendebant,
1200 1330 1238 1392 ut.

144 1412 174 1492 ¹a
194 1425 329 1511 reliquis
352 1423 566 1487 Atheniensis
587 1422 720 1507 scriptis
741 1422 870 1488 mininie
891 1423 1083 1508 abhorreat,
1125 1424 1184 1489 alii
1199 1417 1238 1490 ¹in

152 1528 266 1613 qoritons
287 1524 389 1590 licor.
414 1522 602 1608 Stephanus
623 1527 659 1586 et
680 1520 805 1588 Coralis
826 1529 903 1588 sunt
924 1524 1121 1604 nominandi,
1165 1524 1237 1591 Iso·

153 1629 235 1691 crati
257 1625 380 1691 crudam
405 1623 651 1709 Apollouintac,
673 1641 766 1708 quem
789 1624 1027 1709 Harpocration
1049 1644 1078 1689 s.
1099 1645 1133 1691 v.
1156 1632 1237 1692 tace-

137 1727 233 1804 -xrbo
255 1723 351 1808 ὅρκος
372 1724 480 1789 attulit
501 1730 536 1787 nt
564 1723 658 1807 hujus
685 1725 843 1790 orationis
872 1732 1053 1813 auctorem,
1083 1745 1155 1793 cnm
1185 1735 1239 1794 ta·

154 1847 228 1893 rnen
251 1828 316 1892 alio
337 1827 369 1889 in
391 1825 462 1889 loco
485 1844 512 1887 s.
536 1843 568 1888 v.
590 1820 790 1909 παράκλησις
815 1845 888 1890 eum
916 1825 1017 1892 solnm
1045 1826 1240 1917 Isocratem,

154 1948 218 1995 non
240 1928 303 1995 alio
326 1925 456 2010 adjecto
476 1924 596 2011 verbo,
619 1925 779 2014 nominet,
804 1926 1087 2025 hancoratipnem
1108 1926 1239 1996 adseri-o

154 2030 249 2115 bunt,
291 2027 377 2093 ducti
399 2025 511 2092 verbis
533 2024 720 2111 qoribnsdam
742 2047 806 2092 non
828 2027 905 2092 alibi
925 2028 959 2093 iu
979 2030 1137 2095 isocratis
1161 2051 1238 2098 ora·

153 2130 294 2195 tionibus
316 2128 431 2193 obviis
475 2124 665 2212 Stephanus
686 2126 813 2212 quidem
828 2133 918 2194 recte
932 2131 1044 2196 attolit
1057 2132 1239 2221 φιλοπρω-

152 2229 270 2317 ἡγορος
296 2236 330 2296 ct
358 2229 656 2315 φιλοπροσηγορία,
695 2248 791 2314 porro
812 2225 856 2292 τὰ
876 2229 941 2292 τῶν
961 2228 1087 2313 τρόπων
1107 2230 1181 2313 ἢθη
1203 2240 1238 2300 nt

152 2332 257 2397 minus
278 2331 465 2410 isocrates,
496 2330 529 2392 in
557 2330 632 2393 aliis
661 2336 768 2394 tamen
796 2329 931 2394 erravit.
974 2330 1117 2415 Poterat
1137 2336 1236 2402 etiam

151 2434 402 2513 ἐλαττουμένους
423 2449 466 2494 cx
488 2430 530 2493 iis
552 2448 635 2515 (pirae
658 2450 757 2516 snpra
783 2437 859 2495 soant
884 2428 1052 2517 adscripta
1064 2480 1075 2519 ,
1119 2438 1237 2503 anem

152 2533 273 2619 quippe
294 2550 335 2597 ea
358 2531 391 2596 vi
414 2530 533 2595 dictum
557 2538 591 2595 nl
619 2529 688 2594 sit:
731 2531 903 2596 interiores
932 2552 972 2597 ea
1001 2552 1094 2619 quiam
1125 2535 1169 2602 de
1199 2554 1237 2605 sc

153 2635 371 2721 praebuerunt
392 2631 552 2716 opinione.
594 2632 917 2718 Rectissime-igitur
936 2632 1041 2719 Panly
1067 2634 1101 2698 in
1130 2635 1236 2705 libello

152 2737 366 2821 quaestiones
394 2733 517 2819 aliquot
547 2732 732 2798 {socratcas
759 2735 947 2800 continente
981 2742 1015 2799 et
1043 2734 1236 2804 Heilbroun.

157 2833 281 2908 1828,
309 2832 346 2897 4.
379 2834 468 2899 edito
495 2833 633 2898 mediam
663 2833 894 2919 quodammodo
923 2835 995 2901 iniit
1015 2835 1100 2904 viam
1122 2845 1237 2904 contra

47 3012 50 3017 ¹
151 2934 442 3022 Harpocrationcm
475 2940 511 3000 et
538 2932 739 3019 Stephanum
766 2943 961 3023 ceterosque
989 2936 1043 3022 qui
1074 2954 1135 3002 cos
1162 2949 1237 3005 snut

152 3039 259 3102 secuti
279 3041 347 3100 tnm
369 3037 564 3100 auctoritate
587 3034 735 3120 Dionysii
750 3035 866 3100 flictio.
889 3035 922 3101 in
943 3037 1052 3102 Jndic.
1075 3036 1118 3102 ‹le
1132 3036 1235 3103 lsocr.

153 3138 252 3203 llhet.
274 3156 301 3202 c.
326 3137 381 3221 e,
402 3136 635 3219 Hermogenis,
665 3135 866 3202 scholiastae
888 3126 1126 3224 Sophoclis'ad
1149 3140 1237 3207 'l'ra-

86 3294 90 3299 .
151 3238 237 3307 chin.
266 3257 298 3301 v.
332 3232 419 3302 112.
448 3243 546 3322 atque
575 3235 784 3301 Grammatici
812 3235 1012 3304 Betheriuni
1048 3241 1082 3306 in
1110 3240 1237 3309 Auccl.

152 3337 211 3404 Gr.
238 3337 273 3418 1,
299 3336 386 3404 117.
408 3357 487 3401 usus
509 3342 574 3401 tum
598 3335 880 3403 animadvertense
903 3345 960 3424 ,nt
982 3340 1111 3421 singula
1133 3362 1237 3429 qnae-

151 3438 226 3505 ‹lam
248 3460 268 3506 a
289 3445 397 3505 mente
419 3446 516 3525 atqcue
538 3438 774 3504 cousuetudine
801 3439 959 3505 Isocratis
994 3442 1148 3508 videntur
1176 3445 1238 3510 ab·

152 3540 299 3619 horrere,
319 3541 367 3605 ita
381 3546 487 3605 tumen
501 3539 686 3604 universum
707 3539 737 3604 si
758 3539 916 3629 inspicias
932 3543 1085 3632 libellum,
1099 3534 1238 3631 'praeci-
1269 3562 1272 3569 ·

73 3702 75 3709 .
153 3661 215 3729 pne
234 3641 367 3708 exordio
384 3648 483 3728 atquae
502 3641 705 3727 peroratione
719 3643 903 3708 accuratius
920 3649 1104 3730 perpensis,
1126 3646 1238 3713 mirum

150 3744 184 3808 in
198 3742 323 3808 modum
340 3745 444 3831 ipsam
467 3743 607 3808 oratoris
629 3741 733 3806 nostri
747 3761 870 3808 manaim
884 3762 1056 3828 agnoscas.
1080 3746 1239 3813 isocratis

151 3844 265 3931 igilur,
287 3846 411 3932 pergit,
432 3845 493 3910 hoc
514 3863 591 3909 esse
613 3845 799 3929 opusculum
821 3846 992 3912 statuimus
1014 3845 1155 3933 quidem,
1178 3846 1238 3914 setl

150 3965 243 4031 quum
266 3945 395 4010 moralis
425 3947 519 4031 qrrasi
548 3944 719 4010 enchiridii
747 3945 852 4009 instar
872 3936 1110 4031 ‘permultorum'
1132 3946 1239 4013 homi-

151 4064 225 4111 num
247 4045 393 4112 manibus
416 4048 524 4110 tritnm
547 4064 625 4110 esse
653 4050 688 4110 et
714 4044 887 4110 multifaric
918 4052 1090 4113 tractatum
1119 4048 1240 4117 videa-

153 4152 219 4224 tur,
262 4146 378 4212 mullas
400 4144 476 4212 inde
497 4145 751 4231 depravationes
770 4152 870 4231 alque
892 4146 1162 4235 interpolationes
1184 4160 1240 4217 tu·
