<?xml version="1.0" encoding="UTF-8"?>
<!DOCTYPE html PUBLIC "-//W3C//DTD XHTML 1.0 Transitional//EN"
    "http://www.w3.org/TR/xhtml1/DTD/xhtml1-transitional.dtd">
<html xmlns="http://www.w3.org/1999/xhtml" xml:lang="en" lang="en">
 <head>
  <title>
</title>
<meta http-equiv="Content-Type" content="text/html;charset=utf-8" />
  <meta name='ocr-system' content='tesseract 3.04.00' />
  <meta name='ocr-capabilities' content='ocr_page ocr_carea ocr_par ocr_line ocrx_word'/>
</head>
<body>
  <div class='ocr_page' id='page_1' title='image "./dehiatuinorator01bensgoog_0234.png"; bbox 0 0 2564 4508; ppageno 0'>
   <div class='ocr_carea' id='block_1_1' title="bbox 555 133 829 199">
    <p class='ocr_par' dir='ltr' id='par_1_1' title="bbox 555 133 829 199">
     <span class='ocr_line' id='line_1_1' title="bbox 555 133 829 199; baseline -0.011 1"><span class='ocrx_word' id='word_1_1' title='bbox 555 133 829 199; x_wconf 77' lang='lat'><strong>-204-</strong></span> 
     </span>
    </p>
   </div>
   <div class='ocr_carea' id='block_1_2' title="bbox 146 298 1245 1296">
    <p class='ocr_par' dir='ltr' id='par_1_2' title="bbox 146 298 1245 1296">
     <span class='ocr_line' id='line_1_2' title="bbox 150 298 1245 389; baseline -0.003 -17"><span class='ocrx_word' id='word_1_2' title='bbox 150 302 334 381; x_wconf 77' lang='lat' dir='ltr'><strong>traderent,</strong></span> <span class='ocrx_word' id='word_1_3' title='bbox 356 303 509 388; x_wconf 87' lang='lat' dir='ltr'><strong>majorem</strong></span> <span class='ocrx_word' id='word_1_4' title='bbox 531 298 626 368; x_wconf 84' lang='lat' dir='ltr'><strong>fidem</strong></span> <span class='ocrx_word' id='word_1_5' title='bbox 647 300 803 367; x_wconf 84' lang='lat' dir='ltr'><strong>babuisse</strong></span> <span class='ocrx_word' id='word_1_6' title='bbox 825 318 920 387; x_wconf 85' lang='lat' dir='ltr'><strong>quam</strong></span> <span class='ocrx_word' id='word_1_7' title='bbox 942 299 1084 388; x_wconf 87' lang='lat' dir='ltr'><strong>parsit,</strong></span> <span class='ocrx_word' id='word_1_8' title='bbox 1114 301 1245 389; x_wconf 80' lang='lat' dir='ltr'><strong>cogites</strong></span> 
     </span>
     <span class='ocr_line' id='line_1_3' title="bbox 148 399 1245 491; baseline -0.005 -19"><span class='ocrx_word' id='word_1_9' title='bbox 148 404 247 472; x_wconf 87' lang='lat' dir='ltr'><strong>velim</strong></span> <span class='ocrx_word' id='word_1_10' title='bbox 268 402 451 487; x_wconf 79' lang='lat' dir='ltr'><strong>fragmenta</strong></span> <span class='ocrx_word' id='word_1_11' title='bbox 471 402 537 468; x_wconf 88' lang='lat' dir='ltr'><strong>ista</strong></span> <span class='ocrx_word' id='word_1_12' title='bbox 557 421 578 469; x_wconf 92' lang='lat' dir='ltr'><strong>a</strong></span> <span class='ocrx_word' id='word_1_13' title='bbox 599 403 813 491; x_wconf 77' lang='lat' dir='ltr'><strong>scriptoribus</strong></span> <span class='ocrx_word' id='word_1_14' title='bbox 825 420 903 469; x_wconf 90' lang='lat' dir='ltr'><strong>esse</strong></span> <span class='ocrx_word' id='word_1_15' title='bbox 915 399 959 467; x_wconf 74' lang='lat' dir='ltr'><strong>aul</strong></span> <span class='ocrx_word' id='word_1_16' title='bbox 972 401 1169 468; x_wconf 83' lang='lat' dir='ltr'><strong>seutentiam</strong></span> <span class='ocrx_word' id='word_1_17' title='bbox 1183 401 1245 468; x_wconf 87' lang='lat' dir='ltr'><strong>ali-</strong></span> 
     </span>
     <span class='ocr_line' id='line_1_4' title="bbox 148 500 1245 591; baseline -0.003 -21"><span class='ocrx_word' id='word_1_18' title='bbox 148 524 243 591; x_wconf 86' lang='lat' dir='ltr'><strong>quam</strong></span> <span class='ocrx_word' id='word_1_19' title='bbox 257 501 507 569; x_wconf 85' lang='lat' dir='ltr'><strong>confirmandam</strong></span> <span class='ocrx_word' id='word_1_20' title='bbox 522 503 635 590; x_wconf 81' lang='lat' dir='ltr'><strong>allata,</strong></span> <span class='ocrx_word' id='word_1_21' title='bbox 648 502 681 567; x_wconf 91' lang='lat' dir='ltr'><strong>in</strong></span> <span class='ocrx_word' id='word_1_22' title='bbox 698 501 812 587; x_wconf 81' lang='lat' dir='ltr'><strong>quibus</strong></span> <span class='ocrx_word' id='word_1_23' title='bbox 827 501 954 587; x_wconf 84' lang='lat' dir='ltr'><strong>singula</strong></span> <span class='ocrx_word' id='word_1_24' title='bbox 966 500 1061 567; x_wconf 80' lang='lat' dir='ltr'><strong>facile</strong></span> <span class='ocrx_word' id='word_1_25' title='bbox 1076 501 1245 587; x_wconf 88' lang='lat' dir='ltr'><strong>potuerint</strong></span> 
     </span>
     <span class='ocr_line' id='line_1_5' title="bbox 146 601 1243 689; baseline -0.003 -17"><span class='ocrx_word' id='word_1_26' title='bbox 146 605 265 672; x_wconf 89' lang='lat' dir='ltr'><strong>mutari</strong></span> <span class='ocrx_word' id='word_1_27' title='bbox 286 602 341 670; x_wconf 93' lang='lat' dir='ltr'><strong>vel</strong></span> <span class='ocrx_word' id='word_1_28' title='bbox 363 601 485 668; x_wconf 87' lang='lat' dir='ltr'><strong>additis</strong></span> <span class='ocrx_word' id='word_1_29' title='bbox 508 602 561 667; x_wconf 93' lang='lat' dir='ltr'><strong>vel</strong></span> <span class='ocrx_word' id='word_1_30' title='bbox 585 602 716 667; x_wconf 89' lang='lat' dir='ltr'><strong>omissis</strong></span> <span class='ocrx_word' id='word_1_31' title='bbox 744 603 856 668; x_wconf 89' lang='lat' dir='ltr'><strong>verbis</strong></span> <span class='ocrx_word' id='word_1_32' title='bbox 884 602 1072 689; x_wconf 89' lang='lat' dir='ltr'><strong>quibusdam</strong></span> <span class='ocrx_word' id='word_1_33' title='bbox 1099 601 1143 669; x_wconf 88' lang='lat' dir='ltr'><strong>ad</strong></span> <span class='ocrx_word' id='word_1_34' title='bbox 1172 621 1243 670; x_wconf 83' lang='lat' dir='ltr'><strong>rem</strong></span> 
     </span>
     <span class='ocr_line' id='line_1_6' title="bbox 148 692 1242 784; baseline -0.005 -10"><span class='ocrx_word' id='word_1_35' title='bbox 148 707 194 774; x_wconf 88' lang='lat' dir='ltr'><strong>nil</strong></span> <span class='ocrx_word' id='word_1_36' title='bbox 221 705 437 783; x_wconf 78' lang='lat' dir='ltr'><strong>facientibus,</strong></span> <span class='ocrx_word' id='word_1_37' title='bbox 481 708 517 767; x_wconf 93' lang='lat' dir='ltr'><strong>ut</strong></span> <span class='ocrx_word' id='word_1_38' title='bbox 546 707 671 768; x_wconf 88' lang='lat' dir='ltr'><strong>taccam</strong></span> <span class='ocrx_word' id='word_1_39' title='bbox 693 701 734 768; x_wconf 89' lang='lat' dir='ltr'><strong>de</strong></span> <span class='ocrx_word' id='word_1_40' title='bbox 755 703 967 769; x_wconf 80' lang='lat' dir='ltr'><strong>collocatione</strong></span> <span class='ocrx_word' id='word_1_41' title='bbox 988 704 1179 784; x_wconf 88' lang='lat' dir='ltr'><strong>verborum,</strong></span> <span class='ocrx_word' id='word_1_42' title='bbox 1206 692 1242 769; x_wconf 85' lang='lat' dir='ltr'><strong>iu</strong></span> 
     </span>
     <span class='ocr_line' id='line_1_7' title="bbox 148 801 1243 894; baseline -0.004 -22"><span class='ocrx_word' id='word_1_43' title='bbox 148 826 212 894; x_wconf 88' lang='lat' dir='ltr'><strong>qua</strong></span> <span class='ocrx_word' id='word_1_44' title='bbox 227 825 292 872; x_wconf 91' lang='lat' dir='ltr'><strong>non</strong></span> <span class='ocrx_word' id='word_1_45' title='bbox 307 812 372 870; x_wconf 89' lang='lat' dir='ltr'><strong>tam</strong></span> <span class='ocrx_word' id='word_1_46' title='bbox 387 804 541 888; x_wconf 84' lang='lat' dir='ltr'><strong>religiose</strong></span> <span class='ocrx_word' id='word_1_47' title='bbox 551 823 677 868; x_wconf 90' lang='lat' dir='ltr'><strong>manum</strong></span> <span class='ocrx_word' id='word_1_48' title='bbox 692 803 863 890; x_wconf 73' lang='lat' dir='ltr'><strong>scriptoris</strong></span> <span class='ocrx_word' id='word_1_49' title='bbox 877 809 1102 889; x_wconf 87' lang='lat' dir='ltr'><strong>sequerentur.</strong></span> <span class='ocrx_word' id='word_1_50' title='bbox 1126 801 1243 884; x_wconf 80' lang='lat' dir='ltr'><strong>Quan-</strong></span> 
     </span>
     <span class='ocr_line' id='line_1_8' title="bbox 148 902 1243 989; baseline -0.005 -15"><span class='ocrx_word' id='word_1_51' title='bbox 148 915 215 974; x_wconf 89' lang='lat' dir='ltr'><strong>tam</strong></span> <span class='ocrx_word' id='word_1_52' title='bbox 237 911 344 971; x_wconf 92' lang='lat' dir='ltr'><strong>autem</strong></span> <span class='ocrx_word' id='word_1_53' title='bbox 367 924 475 971; x_wconf 86' lang='lat' dir='ltr'><strong>curam</strong></span> <span class='ocrx_word' id='word_1_54' title='bbox 498 906 596 970; x_wconf 87' lang='lat' dir='ltr'><strong>etiam</strong></span> <span class='ocrx_word' id='word_1_55' title='bbox 618 903 765 971; x_wconf 81' lang='lat' dir='ltr'><strong>historici</strong></span> <span class='ocrx_word' id='word_1_56' title='bbox 785 905 818 969; x_wconf 90' lang='lat' dir='ltr'><strong>in</strong></span> <span class='ocrx_word' id='word_1_57' title='bbox 840 903 931 970; x_wconf 89' lang='lat' dir='ltr'><strong>hiatu</strong></span> <span class='ocrx_word' id='word_1_58' title='bbox 948 902 1103 970; x_wconf 87' lang='lat' dir='ltr'><strong>evitando</strong></span> <span class='ocrx_word' id='word_1_59' title='bbox 1120 912 1243 989; x_wconf 65' lang='lat' dir='ltr'><strong>posueij</strong></span> 
     </span>
     <span class='ocr_line' id='line_1_9' title="bbox 147 1003 1241 1094; baseline -0.004 -21"><span class='ocrx_word' id='word_1_60' title='bbox 147 1012 229 1094; x_wconf 79' lang='lat' dir='ltr'><strong>rint,</strong></span> <span class='ocrx_word' id='word_1_61' title='bbox 250 1007 390 1091; x_wconf 88' lang='lat' dir='ltr'><strong>optimus</strong></span> <span class='ocrx_word' id='word_1_62' title='bbox 413 1005 472 1071; x_wconf 89' lang='lat' dir='ltr'><strong>tibi</strong></span> <span class='ocrx_word' id='word_1_63' title='bbox 493 1004 556 1069; x_wconf 89' lang='lat' dir='ltr'><strong>crit</strong></span> <span class='ocrx_word' id='word_1_64' title='bbox 578 1003 677 1069; x_wconf 88' lang='lat' dir='ltr'><strong>testis</strong></span> <span class='ocrx_word' id='word_1_65' title='bbox 699 1004 867 1092; x_wconf 56' lang='lat' dir='ltr'><strong>Polybius</strong></span> <span class='ocrx_word' id='word_1_66' title='bbox 889 1023 984 1090; x_wconf 87' lang='lat' dir='ltr'><strong>quem</strong></span> <span class='ocrx_word' id='word_1_67' title='bbox 1005 1005 1146 1071; x_wconf 86' lang='lat' dir='ltr'><strong>maxima</strong></span> <span class='ocrx_word' id='word_1_68' title='bbox 1167 1022 1241 1070; x_wconf 81' lang='lat' dir='ltr'><strong>cum</strong></span> 
     </span>
     <span class='ocr_line' id='line_1_10' title="bbox 147 1104 1240 1193; baseline -0.004 -19"><span class='ocrx_word' id='word_1_69' title='bbox 147 1107 317 1191; x_wconf 80' lang='lat' dir='ltr'><strong>diligentia</strong></span> <span class='ocrx_word' id='word_1_70' title='bbox 339 1105 400 1171; x_wconf 86' lang='lat' dir='ltr'><strong>hac</strong></span> <span class='ocrx_word' id='word_1_71' title='bbox 420 1105 453 1170; x_wconf 91' lang='lat' dir='ltr'><strong>in</strong></span> <span class='ocrx_word' id='word_1_72' title='bbox 475 1124 511 1170; x_wconf 93' lang='lat' dir='ltr'><strong>re</strong></span> <span class='ocrx_word' id='word_1_73' title='bbox 533 1123 611 1172; x_wconf 87' lang='lat' dir='ltr'><strong>esse</strong></span> <span class='ocrx_word' id='word_1_74' title='bbox 633 1111 802 1172; x_wconf 90' lang='lat' dir='ltr'><strong>versatum</strong></span> <span class='ocrx_word' id='word_1_75' title='bbox 823 1105 1110 1193; x_wconf 83' lang='lat' dir='ltr'><strong>Theopompique‚</strong></span> <span class='ocrx_word' id='word_1_76' title='bbox 1133 1109 1169 1171; x_wconf 89' lang='lat' dir='ltr'><strong>ut</strong></span> <span class='ocrx_word' id='word_1_77' title='bbox 1189 1104 1240 1172; x_wconf 87' lang='lat' dir='ltr'><strong>ui-</strong></span> 
     </span>
     <span class='ocr_line' id='line_1_11' title="bbox 148 1206 682 1296; baseline -0.006 -22"><span class='ocrx_word' id='word_1_78' title='bbox 148 1208 255 1296; x_wconf 85' lang='lat' dir='ltr'><strong>detur,</strong></span> <span class='ocrx_word' id='word_1_79' title='bbox 272 1206 455 1293; x_wconf 89' lang='lat' dir='ltr'><strong>exemplum</strong></span> <span class='ocrx_word' id='word_1_80' title='bbox 476 1211 624 1272; x_wconf 83' lang='lat' dir='ltr'><strong>secutum</strong></span> <span class='ocrx_word' id='word_1_81' title='bbox 647 1206 682 1272; x_wconf 88' lang='lat' dir='ltr'><strong>iu</strong></span> 
     </span>
    </p>
   </div>
   <div class='ocr_carea' id='block_1_3' title="bbox 306 1373 968 1578">
    <p class='ocr_par' dir='ltr' id='par_1_3' title="bbox 306 1373 968 1578">
     <span class='ocr_line' id='line_1_12' title="bbox 504 1373 882 1478; baseline -0.008 -24"><span class='ocrx_word' id='word_1_82' title='bbox 504 1374 651 1478; x_wconf 82' lang='lat' dir='ltr'><strong>Capite</strong></span> <span class='ocrx_word' id='word_1_83' title='bbox 687 1373 882 1452; x_wconf 85' lang='lat' dir='ltr'><strong>secundo</strong></span> 
     </span>
     <span class='ocr_line' id='line_1_13' title="bbox 306 1514 968 1578; baseline -0.002 -14"><span class='ocrx_word' id='word_1_84' title='bbox 306 1518 309 1523; x_wconf 84' lang='lat'>&#39;</span> <span class='ocrx_word' id='word_1_85' title='bbox 421 1514 460 1564; x_wconf 80' lang='lat' dir='ltr'><strong>de</strong></span> <span class='ocrx_word' id='word_1_86' title='bbox 478 1515 574 1566; x_wconf 86' lang='lat' dir='ltr'><strong>hiatu</strong></span> <span class='ocrx_word' id='word_1_87' title='bbox 597 1517 631 1564; x_wconf 86' lang='lat' dir='ltr'><strong>in</strong></span> <span class='ocrx_word' id='word_1_88' title='bbox 648 1515 786 1578; x_wconf 84' lang='lat' dir='ltr'><strong>Polybii</strong></span> <span class='ocrx_word' id='word_1_89' title='bbox 802 1515 968 1566; x_wconf 83' lang='lat' dir='ltr'><strong>historiis</strong></span> 
     </span>
    </p>
   </div>
   <div class='ocr_carea' id='block_1_4' title="bbox 143 1612 1281 4110">
    <p class='ocr_par' dir='ltr' id='par_1_4' title="bbox 143 1612 1281 4110">
     <span class='ocr_line' id='line_1_14' title="bbox 147 1612 1240 1698; baseline 0.002 -18"><span class='ocrx_word' id='word_1_90' title='bbox 147 1633 218 1680; x_wconf 85' lang='lat' dir='ltr'><strong>sum</strong></span> <span class='ocrx_word' id='word_1_91' title='bbox 240 1612 529 1678; x_wconf 88' lang='lat' dir='ltr'><strong>demonstraturus.</strong></span> <span class='ocrx_word' id='word_1_92' title='bbox 584 1612 727 1678; x_wconf 72' lang='lat' dir='ltr'><strong>Alteram</strong></span> <span class='ocrx_word' id='word_1_93' title='bbox 750 1613 848 1698; x_wconf 82' lang='lat' dir='ltr'><strong>igitur</strong></span> <span class='ocrx_word' id='word_1_94' title='bbox 869 1632 955 1679; x_wconf 91' lang='lat' dir='ltr'><strong>nunc</strong></span> <span class='ocrx_word' id='word_1_95' title='bbox 976 1631 1018 1679; x_wconf 89' lang='lat' dir='ltr'><strong>ex</strong></span> <span class='ocrx_word' id='word_1_96' title='bbox 1040 1613 1142 1698; x_wconf 91' lang='lat' dir='ltr'><strong>primo</strong></span> <span class='ocrx_word' id='word_1_97' title='bbox 1156 1614 1240 1682; x_wconf 92' lang='lat' dir='ltr'><strong>libro</strong></span> 
     </span>
     <span class='ocr_line' id='line_1_15' title="bbox 147 1711 1241 1802; baseline 0 -21"><span class='ocrx_word' id='word_1_98' title='bbox 147 1713 300 1798; x_wconf 85' lang='lat' dir='ltr'><strong>exempla</strong></span> <span class='ocrx_word' id='word_1_99' title='bbox 330 1711 473 1777; x_wconf 89' lang='lat' dir='ltr'><strong>hiatuum</strong></span> <span class='ocrx_word' id='word_1_100' title='bbox 507 1711 742 1798; x_wconf 85' lang='lat' dir='ltr'><strong>ostendamque</strong></span> <span class='ocrx_word' id='word_1_101' title='bbox 774 1720 935 1799; x_wconf 89' lang='lat' dir='ltr'><strong>quatenus</strong></span> <span class='ocrx_word' id='word_1_102' title='bbox 964 1714 1151 1800; x_wconf 88' lang='lat' dir='ltr'><strong>paucissimi</strong></span> <span class='ocrx_word' id='word_1_103' title='bbox 1185 1715 1241 1802; x_wconf 87' lang='lat' dir='ltr'><strong>qui</strong></span> 
     </span>
     <span class='ocr_line' id='line_1_16' title="bbox 146 1813 1238 1903; baseline 0.002 -24"><span class='ocrx_word' id='word_1_104' title='bbox 146 1819 276 1879; x_wconf 81' lang='lat' dir='ltr'><strong>restent</strong></span> <span class='ocrx_word' id='word_1_105' title='bbox 297 1813 485 1896; x_wconf 87' lang='lat' dir='ltr'><strong>optimorum</strong></span> <span class='ocrx_word' id='word_1_106' title='bbox 507 1813 656 1879; x_wconf 87' lang='lat' dir='ltr'><strong>librorum</strong></span> <span class='ocrx_word' id='word_1_107' title='bbox 679 1833 741 1899; x_wconf 92' lang='lat' dir='ltr'><strong>ope</strong></span> <span class='ocrx_word' id='word_1_108' title='bbox 763 1815 949 1902; x_wconf 87' lang='lat' dir='ltr'><strong>plerumque</strong></span> <span class='ocrx_word' id='word_1_109' title='bbox 961 1816 1089 1902; x_wconf 86' lang='lat' dir='ltr'><strong>possint</strong></span> <span class='ocrx_word' id='word_1_110' title='bbox 1107 1816 1238 1903; x_wconf 80' lang='lat' dir='ltr'><strong>corrigi.</strong></span> 
     </span>
     <span class='ocr_line' id='line_1_17' title="bbox 146 1912 1237 2003; baseline 0.001 -24"><span class='ocrx_word' id='word_1_111' title='bbox 146 1915 263 1981; x_wconf 89' lang='lat' dir='ltr'><strong>Habes</strong></span> <span class='ocrx_word' id='word_1_112' title='bbox 285 1919 392 1978; x_wconf 90' lang='lat' dir='ltr'><strong>autem</strong></span> <span class='ocrx_word' id='word_1_113' title='bbox 413 1913 491 1978; x_wconf 82' lang='lat' dir='ltr'><strong>hos:</strong></span> <span class='ocrx_word' id='word_1_114' title='bbox 513 1915 586 1978; x_wconf 85' lang='lat' dir='ltr'><strong>Lib.</strong></span> <span class='ocrx_word' id='word_1_115' title='bbox 608 1915 636 2003; x_wconf 79' lang='grc' dir='ltr'><strong>Ι,</strong></span> <span class='ocrx_word' id='word_1_116' title='bbox 658 1935 684 1980; x_wconf 93' lang='lat' dir='ltr'><strong>c.</strong></span> <span class='ocrx_word' id='word_1_117' title='bbox 706 1913 749 1978; x_wconf 93' lang='lat' dir='ltr'><strong>ll.</strong></span> <span class='ocrx_word' id='word_1_118' title='bbox 775 1914 807 1979; x_wconf 91' lang='lat' dir='ltr'><strong>l.</strong></span> <span class='ocrx_word' id='word_1_119' title='bbox 828 1912 974 1997; x_wconf 79' lang='grc' dir='ltr'><strong>μάλιστα</strong></span> <span class='ocrx_word' id='word_1_120' title='bbox 994 1916 1134 2001; x_wconf 76' lang='grc' dir='ltr'><strong><em>ἐμφανὲς</em></strong></span> <span class='ocrx_word' id='word_1_121' title='bbox 1152 1921 1187 1982; x_wconf 85' lang='lat' dir='ltr'><strong>ct</strong></span> <span class='ocrx_word' id='word_1_122' title='bbox 1200 1912 1237 1981; x_wconf 81' lang='lat' dir='ltr'><strong>o.</strong></span> 
     </span>
     <span class='ocr_line' id='line_1_18' title="bbox 148 2011 1238 2102; baseline 0.001 -23"><span class='ocrx_word' id='word_1_123' title='bbox 148 2016 182 2079; x_wconf 77' lang='grc' dir='ltr'><strong>δὲ</strong></span> <span class='ocrx_word' id='word_1_124' title='bbox 196 2011 350 2097; x_wconf 57' lang='lat' dir='ltr'><strong>Elpinicon</strong></span> <span class='ocrx_word' id='word_1_125' title='bbox 364 2033 444 2100; x_wconf 88' lang='lat' dir='ltr'><strong>quos</strong></span> <span class='ocrx_word' id='word_1_126' title='bbox 459 2013 554 2081; x_wconf 82' lang='lat' dir='ltr'><strong>facile</strong></span> <span class='ocrx_word' id='word_1_127' title='bbox 567 2015 723 2098; x_wconf 84' lang='lat' dir='ltr'><strong>corriges,</strong></span> <span class='ocrx_word' id='word_1_128' title='bbox 745 2014 851 2080; x_wconf 89' lang='lat' dir='ltr'><strong>sedin</strong></span> <span class='ocrx_word' id='word_1_129' title='bbox 867 2033 917 2094; x_wconf 90' lang='lat' dir='ltr'><strong>co,</strong></span> <span class='ocrx_word' id='word_1_130' title='bbox 939 2014 1024 2101; x_wconf 82' lang='lat' dir='ltr'><strong>quod</strong></span> <span class='ocrx_word' id='word_1_131' title='bbox 1036 2034 1108 2102; x_wconf 86' lang='lat' dir='ltr'><strong>cap</strong></span> <span class='ocrx_word' id='word_1_132' title='bbox 1124 2014 1188 2096; x_wconf 85' lang='grc' dir='ltr'><strong>ΙΙΙ,</strong></span> <span class='ocrx_word' id='word_1_133' title='bbox 1203 2015 1238 2083; x_wconf 80' lang='grc'><strong>7.</strong></span> 
     </span>
     <span class='ocr_line' id='line_1_19' title="bbox 146 2104 1236 2202; baseline 0.004 -22"><span class='ocrx_word' id='word_1_134' title='bbox 146 2115 283 2199; x_wconf 74' lang='lat' dir='ltr'><strong>legiturr</strong></span> <span class='ocrx_word' id='word_1_135' title='bbox 311 2113 358 2180; x_wconf 84' lang='grc' dir='ltr'><strong>Εἰ</strong></span> <span class='ocrx_word' id='word_1_136' title='bbox 378 2116 435 2197; x_wconf 79' lang='grc' dir='ltr'><strong>μὲν</strong></span> <span class='ocrx_word' id='word_1_137' title='bbox 457 2104 515 2180; x_wconf 76' lang='grc' dir='ltr'><strong>οὖν</strong></span> <span class='ocrx_word' id='word_1_138' title='bbox 537 2112 612 2196; x_wconf 81' lang='grc' dir='ltr'><strong><em>ἡμῖν</em></strong></span> <span class='ocrx_word' id='word_1_139' title='bbox 634 2105 673 2194; x_wconf 83' lang='grc' dir='ltr'><strong>ἦν</strong></span> <span class='ocrx_word' id='word_1_140' title='bbox 693 2113 824 2194; x_wconf 81' lang='grc' dir='ltr'><strong><em>συνήθη</em></strong></span> <span class='ocrx_word' id='word_1_141' title='bbox 845 2117 902 2182; x_wconf 80' lang='grc' dir='ltr'><strong>καὶ</strong></span> <span class='ocrx_word' id='word_1_142' title='bbox 922 2113 1069 2202; x_wconf 73' lang='grc' dir='ltr'><strong><em>γνώριμα</em></strong></span> <span class='ocrx_word' id='word_1_143' title='bbox 1090 2115 1134 2182; x_wconf 79' lang='grc' dir='ltr'><strong>τὰ</strong></span> <span class='ocrx_word' id='word_1_144' title='bbox 1144 2118 1236 2184; x_wconf 84' lang='grc' dir='ltr'><strong><em>πολι-</em></strong></span> 
     </span>
     <span class='ocr_line' id='line_1_20' title="bbox 148 2211 1239 2303; baseline 0.004 -23"><span class='ocrx_word' id='word_1_145' title='bbox 148 2212 294 2298; x_wconf 82' lang='grc' dir='ltr'><strong>τεύματα</strong></span> <span class='ocrx_word' id='word_1_146' title='bbox 306 2263 316 2293; x_wconf 93' lang='grc'><strong><em>,</em></strong></span> <span class='ocrx_word' id='word_1_147' title='bbox 360 2212 404 2280; x_wconf 77' lang='grc' dir='ltr'><strong>τὰ</strong></span> <span class='ocrx_word' id='word_1_148' title='bbox 424 2223 493 2303; x_wconf 83' lang='grc' dir='ltr'><strong><em>περὶ</em></strong></span> <span class='ocrx_word' id='word_1_149' title='bbox 515 2216 572 2291; x_wconf 82' lang='grc' dir='ltr'><strong>της</strong></span> <span class='ocrx_word' id='word_1_150' title='bbox 599 2216 664 2279; x_wconf 82' lang='grc' dir='ltr'><strong>τῶν</strong></span> <span class='ocrx_word' id='word_1_151' title='bbox 693 2211 776 2282; x_wconf 81' lang='grc' dir='ltr'><strong><em>ὅλων</em></strong></span> <span class='ocrx_word' id='word_1_152' title='bbox 802 2212 904 2301; x_wconf 78' lang='grc' dir='ltr'><strong><em>ἀρχῆς</em></strong></span> <span class='ocrx_word' id='word_1_153' title='bbox 930 2212 1239 2303; x_wconf 74' lang='grc' dir='ltr'><em>ἀμφισβητήσαντα,</em></span> 
     </span>
     <span class='ocr_line' id='line_1_21' title="bbox 147 2313 1278 2409; baseline 0.006 -28"><span class='ocrx_word' id='word_1_154' title='bbox 147 2322 225 2392; x_wconf 69' lang='grc' dir='ltr'><strong><em>ἴσως</em></strong></span> <span class='ocrx_word' id='word_1_155' title='bbox 248 2313 339 2380; x_wconf 81' lang='grc' dir='ltr'><strong><em>οὐδὲν</em></strong></span> <span class='ocrx_word' id='word_1_156' title='bbox 360 2314 402 2382; x_wconf 78' lang='grc' dir='ltr'><strong>ἂν</strong></span> <span class='ocrx_word' id='word_1_157' title='bbox 422 2315 506 2399; x_wconf 79' lang='grc' dir='ltr'><strong><em>ἡμᾶς</em></strong></span> <span class='ocrx_word' id='word_1_158' title='bbox 527 2319 589 2380; x_wconf 73' lang='grc' dir='ltr'><strong>ἔδει</strong></span> <span class='ocrx_word' id='word_1_159' title='bbox 609 2318 679 2400; x_wconf 81' lang='grc' dir='ltr'><strong><em>περὶ</em></strong></span> <span class='ocrx_word' id='word_1_160' title='bbox 708 2317 772 2380; x_wconf 82' lang='grc' dir='ltr'><strong>τῶν</strong></span> <span class='ocrx_word' id='word_1_161' title='bbox 798 2315 860 2403; x_wconf 88' lang='grc' dir='ltr'><strong><em>πρὸ</em></strong></span> <span class='ocrx_word' id='word_1_162' title='bbox 888 2317 948 2381; x_wconf 81' lang='grc' dir='ltr'><strong>τοῦ</strong></span> <span class='ocrx_word' id='word_1_163' title='bbox 974 2314 1128 2405; x_wconf 76' lang='grc' dir='ltr'><strong><em>γράφειν·</em></strong></span> <span class='ocrx_word' id='word_1_164' title='bbox 1171 2317 1238 2387; x_wconf 77' lang='grc' dir='ltr'><strong>ἀπὸ</strong></span> <span class='ocrx_word' id='word_1_165' title='bbox 1266 2400 1278 2409; x_wconf 87' lang='lat'><em>.</em></span> 
     </span>
     <span class='ocr_line' id='line_1_22' title="bbox 146 2413 1238 2502; baseline 0.006 -23"><span class='ocrx_word' id='word_1_166' title='bbox 146 2419 242 2492; x_wconf 91' lang='grc' dir='ltr'><strong><em>ποίας</em></strong></span> <span class='ocrx_word' id='word_1_167' title='bbox 262 2417 450 2500; x_wconf 77' lang='grc' dir='ltr'><strong><em>προθέσεως</em></strong></span> <span class='ocrx_word' id='word_1_168' title='bbox 470 2415 490 2495; x_wconf 83' lang='grc' dir='ltr'><em>ἢ</em></span> <span class='ocrx_word' id='word_1_169' title='bbox 512 2417 674 2497; x_wconf 78' lang='grc' dir='ltr'><strong><em>δυνάμεως</em></strong></span> <span class='ocrx_word' id='word_1_170' title='bbox 696 2413 909 2501; x_wconf 70' lang='grc' dir='ltr'><strong>ὁρμηθέντες,</strong></span> <span class='ocrx_word' id='word_1_171' title='bbox 936 2423 1141 2502; x_wconf 68' lang='grc' dir='ltr'><strong>ἐνεχείρησαν</strong></span> <span class='ocrx_word' id='word_1_172' title='bbox 1168 2428 1238 2496; x_wconf 74' lang='grc' dir='ltr'><strong>τοῖς</strong></span> 
     </span>
     <span class='ocr_line' id='line_1_23' title="bbox 147 2513 1239 2607; baseline 0.007 -28"><span class='ocrx_word' id='word_1_173' title='bbox 147 2513 383 2592; x_wconf 78' lang='grc' dir='ltr'><strong>τοιούτοιςκαὶ</strong></span> <span class='ocrx_word' id='word_1_174' title='bbox 407 2513 609 2595; x_wconf 74' lang='grc' dir='ltr'><em>τηλικούτοις</em></span> <span class='ocrx_word' id='word_1_175' title='bbox 629 2521 745 2605; x_wconf 74' lang='grc' dir='ltr'><strong><em>ἔργοις,</em></strong></span> <span class='ocrx_word' id='word_1_176' title='bbox 768 2516 902 2582; x_wconf 79' lang='lat' dir='ltr'><strong>offendit</strong></span> <span class='ocrx_word' id='word_1_177' title='bbox 922 2515 1129 2604; x_wconf 83' lang='grc' dir='ltr'><strong><em>ὁρμηθέντες,</em></strong></span> <span class='ocrx_word' id='word_1_178' title='bbox 1151 2519 1239 2607; x_wconf 79' lang='lat' dir='ltr'><strong>quud</strong></span> 
     </span>
     <span class='ocr_line' id='line_1_24' title="bbox 147 2616 1238 2704; baseline 0.005 -22"><span class='ocrx_word' id='word_1_179' title='bbox 147 2618 285 2684; x_wconf 85' lang='lat' dir='ltr'><strong>Reiskio</strong></span> <span class='ocrx_word' id='word_1_180' title='bbox 306 2616 385 2704; x_wconf 87' lang='grc' dir='ltr'><strong><em>πρὸς</em></strong></span> <span class='ocrx_word' id='word_1_181' title='bbox 406 2616 444 2683; x_wconf 89' lang='grc' dir='ltr'><strong>τὸ</strong></span> <span class='ocrx_word' id='word_1_182' title='bbox 466 2616 702 2701; x_wconf 77' lang='grc' dir='ltr'><strong>σημαινόμενον</strong></span> <span class='ocrx_word' id='word_1_183' title='bbox 725 2618 844 2684; x_wconf 84' lang='lat' dir='ltr'><strong>dictum</strong></span> <span class='ocrx_word' id='word_1_184' title='bbox 866 2624 937 2700; x_wconf 81' lang='lat' dir='ltr'><strong>est,</strong></span> <span class='ocrx_word' id='word_1_185' title='bbox 961 2625 996 2684; x_wconf 80' lang='lat' dir='ltr'><strong>ut</strong></span> <span class='ocrx_word' id='word_1_186' title='bbox 1017 2620 1120 2686; x_wconf 84' lang='lat' dir='ltr'><strong>verbo</strong></span> <span class='ocrx_word' id='word_1_187' title='bbox 1140 2622 1238 2687; x_wconf 84' lang='grc' dir='ltr'><strong><em>πολι-</em></strong></span> 
     </span>
     <span class='ocr_line' id='line_1_25' title="bbox 147 2716 1238 2809; baseline 0.005 -26"><span class='ocrx_word' id='word_1_188' title='bbox 147 2716 293 2800; x_wconf 79' lang='grc' dir='ltr'><strong>τεύματα</strong></span> <span class='ocrx_word' id='word_1_189' title='bbox 313 2719 432 2804; x_wconf 91' lang='lat' dir='ltr'><strong>populi,</strong></span> <span class='ocrx_word' id='word_1_190' title='bbox 455 2721 610 2785; x_wconf 82' lang='lat' dir='ltr'><strong>ciuitates</strong></span> <span class='ocrx_word' id='word_1_191' title='bbox 631 2720 870 2786; x_wconf 89' lang='lat' dir='ltr'><strong>constituentes</strong></span> <span class='ocrx_word' id='word_1_192' title='bbox 891 2719 967 2785; x_wconf 82' lang='lat' dir='ltr'><strong>luci</strong></span> <span class='ocrx_word' id='word_1_193' title='bbox 988 2720 1043 2787; x_wconf 92' lang='lat' dir='ltr'><strong>vel</strong></span> <span class='ocrx_word' id='word_1_194' title='bbox 1062 2717 1238 2809; x_wconf 78' lang='grc' dir='ltr'><strong><em>ἅνθρωποι</em></strong></span> 
     </span>
     <span class='ocr_line' id='line_1_26' title="bbox 146 2818 1237 2908; baseline 0.009 -25"><span class='ocrx_word' id='word_1_195' title='bbox 146 2819 379 2902; x_wconf 84' lang='lat' dir='ltr'><strong>intelligantur.</strong></span> <span class='ocrx_word' id='word_1_196' title='bbox 423 2818 543 2886; x_wconf 87' lang='lat' dir='ltr'><strong>Potest</strong></span> <span class='ocrx_word' id='word_1_197' title='bbox 563 2821 682 2900; x_wconf 86' lang='lat' dir='ltr'><strong>etiam,</strong></span> <span class='ocrx_word' id='word_1_198' title='bbox 710 2821 818 2906; x_wconf 83' lang='lat' dir='ltr'><strong>pergit</strong></span> <span class='ocrx_word' id='word_1_199' title='bbox 846 2819 1006 2885; x_wconf 78' lang='lat' dir='ltr'><strong>Reislrius</strong></span> <span class='ocrx_word' id='word_1_200' title='bbox 1034 2821 1237 2908; x_wconf 85' lang='lat' dir='ltr'><strong>improbante</strong></span> 
     </span>
     <span class='ocr_line' id='line_1_27' title="bbox 147 2917 1236 3008; baseline 0.006 -24"><span class='ocrx_word' id='word_1_201' title='bbox 147 2917 491 3002; x_wconf 83' lang='lat' dir='ltr'><strong>Schweighaeusero‚</strong></span> <span class='ocrx_word' id='word_1_202' title='bbox 534 2923 749 3004; x_wconf 88' lang='lat' dir='ltr'><strong>praemissum</strong></span> <span class='ocrx_word' id='word_1_203' title='bbox 770 2923 926 3006; x_wconf 81' lang='grc' dir='ltr'><strong><em>περὶτῶν</em></strong></span> <span class='ocrx_word' id='word_1_204' title='bbox 948 2941 1012 2987; x_wconf 90' lang='lat' dir='ltr'><strong>non</strong></span> <span class='ocrx_word' id='word_1_205' title='bbox 1034 2941 1094 3008; x_wconf 89' lang='lat' dir='ltr'><strong>pro</strong></span> <span class='ocrx_word' id='word_1_206' title='bbox 1122 2930 1236 2991; x_wconf 90' lang='lat' dir='ltr'><strong>neutro</strong></span> 
     </span>
     <span class='ocr_line' id='line_1_28' title="bbox 147 3017 1236 3108; baseline 0.007 -25"><span class='ocrx_word' id='word_1_207' title='bbox 147 3017 207 3083; x_wconf 89' lang='lat' dir='ltr'><strong>sed</strong></span> <span class='ocrx_word' id='word_1_208' title='bbox 230 3036 289 3104; x_wconf 93' lang='lat' dir='ltr'><strong>pro</strong></span> <span class='ocrx_word' id='word_1_209' title='bbox 311 3019 489 3084; x_wconf 89' lang='lat' dir='ltr'><strong>masculino</strong></span> <span class='ocrx_word' id='word_1_210' title='bbox 512 3019 635 3087; x_wconf 87' lang='lat' dir='ltr'><strong>haberi.</strong></span> <span class='ocrx_word' id='word_1_211' title='bbox 678 3024 726 3088; x_wconf 85' lang='lat' dir='ltr'><strong>At</strong></span> <span class='ocrx_word' id='word_1_212' title='bbox 738 3022 886 3108; x_wconf 82' lang='lat' dir='ltr'><strong>equidem</strong></span> <span class='ocrx_word' id='word_1_213' title='bbox 900 3023 1004 3089; x_wconf 83' lang='lat' dir='ltr'><strong>verba</strong></span> <span class='ocrx_word' id='word_1_214' title='bbox 1017 3041 1081 3088; x_wconf 93' lang='lat' dir='ltr'><strong>uon</strong></span> <span class='ocrx_word' id='word_1_215' title='bbox 1096 3024 1138 3088; x_wconf 89' lang='lat' dir='ltr'><strong>ab</strong></span> <span class='ocrx_word' id='word_1_216' title='bbox 1152 3023 1236 3091; x_wconf 81' lang='lat' dir='ltr'><strong>omui</strong></span> 
     </span>
     <span class='ocr_line' id='line_1_29' title="bbox 145 3119 1236 3212; baseline 0.01 -30"><span class='ocrx_word' id='word_1_217' title='bbox 145 3125 241 3204; x_wconf 90' lang='lat' dir='ltr'><strong>parte</strong></span> <span class='ocrx_word' id='word_1_218' title='bbox 262 3123 353 3183; x_wconf 89' lang='lat' dir='ltr'><strong>recte</strong></span> <span class='ocrx_word' id='word_1_219' title='bbox 374 3119 421 3184; x_wconf 90' lang='lat' dir='ltr'><strong>ita</strong></span> <span class='ocrx_word' id='word_1_220' title='bbox 443 3119 564 3186; x_wconf 89' lang='lat' dir='ltr'><strong>babere</strong></span> <span class='ocrx_word' id='word_1_221' title='bbox 586 3141 707 3188; x_wconf 92' lang='lat' dir='ltr'><strong>censeo</strong></span> <span class='ocrx_word' id='word_1_222' title='bbox 729 3122 938 3209; x_wconf 89' lang='lat' dir='ltr'><strong>improboque</strong></span> <span class='ocrx_word' id='word_1_223' title='bbox 959 3122 1115 3208; x_wconf 87' lang='lat' dir='ltr'><strong>primum,</strong></span> <span class='ocrx_word' id='word_1_224' title='bbox 1151 3124 1236 3212; x_wconf 73' lang='lat' dir='ltr'><strong>quot</strong></span> 
     </span>
     <span class='ocr_line' id='line_1_30' title="bbox 146 3215 1236 3310; baseline 0.008 -26"><span class='ocrx_word' id='word_1_225' title='bbox 146 3225 222 3307; x_wconf 91' lang='lat' dir='ltr'><strong>post</strong></span> <span class='ocrx_word' id='word_1_226' title='bbox 242 3215 381 3304; x_wconf 75' lang='grc' dir='ltr'><strong>γράφειν</strong></span> <span class='ocrx_word' id='word_1_227' title='bbox 408 3220 536 3304; x_wconf 91' lang='lat' dir='ltr'><strong>plenius</strong></span> <span class='ocrx_word' id='word_1_228' title='bbox 569 3227 623 3286; x_wconf 90' lang='lat' dir='ltr'><strong>est</strong></span> <span class='ocrx_word' id='word_1_229' title='bbox 653 3223 912 3308; x_wconf 85' lang='lat' dir='ltr'><strong>interpunctum,</strong></span> <span class='ocrx_word' id='word_1_230' title='bbox 955 3224 1030 3310; x_wconf 86' lang='lat' dir='ltr'><strong>quia</strong></span> <span class='ocrx_word' id='word_1_231' title='bbox 1058 3222 1164 3293; x_wconf 85' lang='lat' dir='ltr'><strong>verba</strong></span> <span class='ocrx_word' id='word_1_232' title='bbox 1190 3225 1236 3293; x_wconf 78' lang='lat' dir='ltr'><strong>iu</strong></span> 
     </span>
     <span class='ocr_line' id='line_1_31' title="bbox 145 3319 1235 3391; baseline 0.006 -6"><span class='ocrx_word' id='word_1_233' title='bbox 145 3319 302 3385; x_wconf 85' lang='lat' dir='ltr'><strong>struenda</strong></span> <span class='ocrx_word' id='word_1_234' title='bbox 323 3339 401 3385; x_wconf 90' lang='lat' dir='ltr'><strong>csse</strong></span> <span class='ocrx_word' id='word_1_235' title='bbox 422 3319 522 3385; x_wconf 85' lang='lat' dir='ltr'><strong>duco:</strong></span> <span class='ocrx_word' id='word_1_236' title='bbox 557 3321 636 3386; x_wconf 90' lang='lat' dir='ltr'><strong>nihil</strong></span> <span class='ocrx_word' id='word_1_237' title='bbox 656 3323 799 3388; x_wconf 87' lang='lat' dir='ltr'><strong>fortasse</strong></span> <span class='ocrx_word' id='word_1_238' title='bbox 822 3322 915 3388; x_wconf 87' lang='lat' dir='ltr'><strong>uobis</strong></span> <span class='ocrx_word' id='word_1_239' title='bbox 937 3341 1077 3390; x_wconf 88' lang='lat' dir='ltr'><strong>necesse</strong></span> <span class='ocrx_word' id='word_1_240' title='bbox 1098 3322 1235 3391; x_wconf 74' lang='lat' dir='ltr'><strong>eraldo</strong></span> 
     </span>
     <span class='ocr_line' id='line_1_32' title="bbox 144 3419 1235 3508; baseline 0.005 -23"><span class='ocrx_word' id='word_1_241' title='bbox 144 3419 367 3506; x_wconf 88' lang='lat' dir='ltr'><strong>superioribus</strong></span> <span class='ocrx_word' id='word_1_242' title='bbox 381 3420 536 3500; x_wconf 88' lang='lat' dir='ltr'><strong>scribere,</strong></span> <span class='ocrx_word' id='word_1_243' title='bbox 558 3442 621 3508; x_wconf 84' lang='lat' dir='ltr'><strong>quo</strong></span> <span class='ocrx_word' id='word_1_244' title='bbox 643 3423 809 3508; x_wconf 87' lang='lat' dir='ltr'><strong>proposito</strong></span> <span class='ocrx_word' id='word_1_245' title='bbox 822 3429 878 3487; x_wconf 87' lang='lat' dir='ltr'><strong>aut</strong></span> <span class='ocrx_word' id='word_1_246' title='bbox 891 3421 1006 3508; x_wconf 89' lang='lat' dir='ltr'><strong>quibus</strong></span> <span class='ocrx_word' id='word_1_247' title='bbox 1020 3422 1096 3488; x_wconf 77' lang='lat' dir='ltr'><strong>freti</strong></span> <span class='ocrx_word' id='word_1_248' title='bbox 1110 3423 1235 3491; x_wconf 76' lang='lat' dir='ltr'><strong>viribus</strong></span> 
     </span>
     <span class='ocr_line' id='line_1_33' title="bbox 144 3510 1250 3608; baseline 0.004 -21"><span class='ocrx_word' id='word_1_249' title='bbox 144 3522 213 3587; x_wconf 88' lang='lat' dir='ltr'><strong>tale</strong></span> <span class='ocrx_word' id='word_1_250' title='bbox 228 3525 417 3606; x_wconf 85' lang='lat' dir='ltr'><strong>tantumque</strong></span> <span class='ocrx_word' id='word_1_251' title='bbox 436 3538 518 3605; x_wconf 90' lang='lat' dir='ltr'><strong>opus</strong></span> <span class='ocrx_word' id='word_1_252' title='bbox 529 3523 735 3607; x_wconf 77' lang='lat' dir='ltr'><strong>perfecerint.</strong></span> <span class='ocrx_word' id='word_1_253' title='bbox 768 3521 872 3588; x_wconf 83' lang='lat' dir='ltr'><strong>Vides</strong></span> <span class='ocrx_word' id='word_1_254' title='bbox 888 3523 988 3606; x_wconf 85' lang='lat' dir='ltr'><strong>igitur</strong></span> <span class='ocrx_word' id='word_1_255' title='bbox 1007 3540 1060 3589; x_wconf 85' lang='lat' dir='ltr'><strong>me</strong></span> <span class='ocrx_word' id='word_1_256' title='bbox 1081 3525 1153 3608; x_wconf 75' lang='grc' dir='ltr'><strong><em>περὶ</em></strong></span> <span class='ocrx_word' id='word_1_257' title='bbox 1173 3510 1250 3591; x_wconf 73' lang='grc' dir='ltr'><strong>τῶν</strong></span> 
     </span>
     <span class='ocr_line' id='line_1_34' title="bbox 143 3621 1234 3713; baseline 0.002 -22"><span class='ocrx_word' id='word_1_258' title='bbox 143 3643 227 3691; x_wconf 80' lang='lat' dir='ltr'><strong>saue</strong></span> <span class='ocrx_word' id='word_1_259' title='bbox 240 3641 304 3689; x_wconf 92' lang='lat' dir='ltr'><strong>nou</strong></span> <span class='ocrx_word' id='word_1_260' title='bbox 317 3621 360 3687; x_wconf 87' lang='lat' dir='ltr'><strong>de</strong></span> <span class='ocrx_word' id='word_1_261' title='bbox 378 3621 577 3709; x_wconf 84' lang='lat' dir='ltr'><strong>ciuitatibus,</strong></span> <span class='ocrx_word' id='word_1_262' title='bbox 595 3624 656 3691; x_wconf 90' lang='lat' dir='ltr'><strong>sed</strong></span> <span class='ocrx_word' id='word_1_263' title='bbox 669 3625 711 3690; x_wconf 88' lang='lat' dir='ltr'><strong>de</strong></span> <span class='ocrx_word' id='word_1_264' title='bbox 723 3623 849 3689; x_wconf 89' lang='lat' dir='ltr'><strong>civibus</strong></span> <span class='ocrx_word' id='word_1_265' title='bbox 861 3623 1037 3708; x_wconf 84' lang='lat' dir='ltr'><strong>explicare.</strong></span> <span class='ocrx_word' id='word_1_266' title='bbox 1058 3624 1139 3690; x_wconf 90' lang='lat' dir='ltr'><strong>Nou</strong></span> <span class='ocrx_word' id='word_1_267' title='bbox 1152 3644 1234 3713; x_wconf 80' lang='lat' dir='ltr'><strong>nego</strong></span> 
     </span>
     <span class='ocr_line' id='line_1_35' title="bbox 144 3720 1234 3812; baseline 0.003 -23"><span class='ocrx_word' id='word_1_268' title='bbox 144 3731 263 3801; x_wconf 89' lang='lat' dir='ltr'><strong>autem,</strong></span> <span class='ocrx_word' id='word_1_269' title='bbox 274 3741 325 3787; x_wconf 89' lang='lat' dir='ltr'><strong>me</strong></span> <span class='ocrx_word' id='word_1_270' title='bbox 338 3722 369 3785; x_wconf 91' lang='lat' dir='ltr'><strong>in</strong></span> <span class='ocrx_word' id='word_1_271' title='bbox 383 3720 424 3786; x_wconf 91' lang='lat' dir='ltr'><strong>iis</strong></span> <span class='ocrx_word' id='word_1_272' title='bbox 437 3741 520 3807; x_wconf 74' lang='lat' dir='ltr'><strong>quiae</strong></span> <span class='ocrx_word' id='word_1_273' title='bbox 534 3725 743 3812; x_wconf 87' lang='lat' dir='ltr'><strong>antecedunt,</strong></span> <span class='ocrx_word' id='word_1_274' title='bbox 752 3730 989 3809; x_wconf 71' lang='lat' dir='ltr'><strong>exspectasset</strong></span> <span class='ocrx_word' id='word_1_275' title='bbox 1007 3725 1051 3788; x_wconf 79' lang='grc' dir='ltr'><strong>τὰ</strong></span> <span class='ocrx_word' id='word_1_276' title='bbox 1066 3725 1234 3808; x_wconf 76' lang='grc' dir='ltr'><strong>τῶν-ἀμ·</strong></span> 
     </span>
     <span class='ocr_line' id='line_1_36' title="bbox 145 3818 1235 3913; baseline 0.002 -25"><span class='ocrx_word' id='word_1_277' title='bbox 145 3818 427 3911; x_wconf 78' lang='grc' dir='ltr'><strong>φισβητησάοτων.</strong></span> <span class='ocrx_word' id='word_1_278' title='bbox 450 3821 619 3906; x_wconf 82' lang='lat' dir='ltr'><strong>Leguntur</strong></span> <span class='ocrx_word' id='word_1_279' title='bbox 632 3826 716 3891; x_wconf 87' lang='lat' dir='ltr'><strong>enim</strong></span> <span class='ocrx_word' id='word_1_280' title='bbox 738 3827 772 3890; x_wconf 91' lang='lat' dir='ltr'><strong>in</strong></span> <span class='ocrx_word' id='word_1_281' title='bbox 794 3826 835 3890; x_wconf 90' lang='lat' dir='ltr'><strong>iis</strong></span> <span class='ocrx_word' id='word_1_282' title='bbox 857 3844 940 3911; x_wconf 89' lang='lat' dir='ltr'><strong>quae</strong></span> <span class='ocrx_word' id='word_1_283' title='bbox 963 3822 1235 3913; x_wconf 63' lang='lat' dir='ltr'><strong>§.ssequunup</strong></span> 
     </span>
     <span class='ocr_line' id='line_1_37' title="bbox 145 3916 1281 4012; baseline 0.004 -23"><span class='ocrx_word' id='word_1_284' title='bbox 145 3925 246 3989; x_wconf 77' lang='lat' dir='ltr'><strong>hacc:</strong></span> <span class='ocrx_word' id='word_1_285' title='bbox 286 3919 378 3987; x_wconf 80' lang='grc' dir='ltr'><strong><em>Ἐπεὶ</em></strong></span> <span class='ocrx_word' id='word_1_286' title='bbox 398 3919 429 3986; x_wconf 76' lang='grc' dir='ltr'><strong>θ’</strong></span> <span class='ocrx_word' id='word_1_287' title='bbox 456 3921 529 3988; x_wconf 83' lang='grc' dir='ltr'><strong>οὔτε</strong></span> <span class='ocrx_word' id='word_1_288' title='bbox 551 3929 610 3989; x_wconf 86' lang='grc' dir='ltr'><strong>τοῦ</strong></span> <span class='ocrx_word' id='word_1_289' title='bbox 628 3923 794 4008; x_wconf 83' lang='grc' dir='ltr'><strong><em>Ῥωμαίων</em></strong></span> <span class='ocrx_word' id='word_1_290' title='bbox 817 3924 889 3992; x_wconf 75' lang='grc' dir='ltr'><strong>οὔτε</strong></span> <span class='ocrx_word' id='word_1_291' title='bbox 912 3927 972 3991; x_wconf 76' lang='grc' dir='ltr'><strong>τοῦ</strong></span> <span class='ocrx_word' id='word_1_292' title='bbox 992 3925 1233 4012; x_wconf 57' lang='grc' dir='ltr'><strong><em>Καρχηδονίου</em></strong></span> <span class='ocrx_word' id='word_1_293' title='bbox 1270 3916 1281 3937; x_wconf 79' lang='grc'><strong><em>’</em></strong></span> 
     </span>
     <span class='ocr_line' id='line_1_38' title="bbox 144 4019 1232 4110; baseline 0.007 -21"><span class='ocrx_word' id='word_1_294' title='bbox 144 4020 380 4105; x_wconf 81' lang='grc' dir='ltr'><strong>πολιτεύματος</strong></span> <span class='ocrx_word' id='word_1_295' title='bbox 401 4020 569 4110; x_wconf 78' lang='grc' dir='ltr'><strong><em>πρόχειρος</em></strong></span> <span class='ocrx_word' id='word_1_296' title='bbox 590 4033 659 4094; x_wconf 77' lang='grc' dir='ltr'><strong>ἐστι</strong></span> <span class='ocrx_word' id='word_1_297' title='bbox 680 4038 749 4104; x_wconf 86' lang='grc' dir='ltr'><strong>τοῖς</strong></span> <span class='ocrx_word' id='word_1_298' title='bbox 770 4029 903 4104; x_wconf 78' lang='grc' dir='ltr'><strong><em>πολλοῖς</em></strong></span> <span class='ocrx_word' id='word_1_299' title='bbox 934 4029 1000 4093; x_wconf 73' lang='grc' dir='ltr'><strong>τῶν</strong></span> <span class='ocrx_word' id='word_1_300' title='bbox 1023 4025 1189 4110; x_wconf 75' lang='grc' dir='ltr'><strong><em>Ἑλλήνων</em></strong></span> <span class='ocrx_word' id='word_1_301' title='bbox 1213 4019 1232 4103; x_wconf 71' lang='grc' dir='ltr'><em>ἧ</em></span> 
     </span>
    </p>
   </div>
   <div class='ocr_carea' id='block_1_5' title="bbox 0 0 1286 4508">
    <p class='ocr_par' dir='ltr' id='par_1_5' title="bbox 0 0 1286 4508">
     <span class='ocr_line' id='line_1_39' title="bbox 0 0 1286 4508; baseline 0 1"><span class='ocrx_word' id='word_1_302' title='bbox 0 0 1286 4508; x_wconf 95' lang='lat' dir='ltr'><strong> </strong></span> 
     </span>
    </p>
   </div>
  </div>
 </body>
</html>
