2580 4514
569 156 833 221 ..78„

244 323 289 389 idi
309 323 438 411 quidem
458 322 567 390 hiatus
595 324 629 389 in
651 344 693 393 ea
721 325 878 391 arationis
903 328 999 410 parte
1024 322 1245 411 rdperiunlor,

159 443 254 512 quam
275 425 405 493 aliunde
425 445 503 492 esse
524 425 658 511 petitam
679 445 773 492 nemo
791 425 912 511 poterit
925 424 1127 493 consumare.
1171 424 1246 495 Eae

159 534 267 594 antem
288 533 417 614 partes,
445 545 528 613 quae
549 525 663 593 iisdem
684 528 754 593 fere
776 528 888 593 verhis
909 528 943 592 in
965 534 1048 593 orat.
1071 527 1113 593 de
1135 526 1246 595 Cher-

158 648 228 695 son.
251 629 412 715 leguntur,
435 627 639 695 continentur
660 634 692 705 ἕ.
720 627 879 695 11-17.
902 618 1169 719 (remeo.)
1191 626 1243 694 22

142 727 266 795 ,-27.
290 725 563 819 (rm-138.)
608 730 760 816 Denique
782 729 941 794 55-70.
965 724 1243 821 (llo-15⁰.)

159 830 367 915 Disputatnm
389 836 442 896 est
463 849 484 895 a
505 831 586 897 viris
608 831 731 915 doetis,
773 839 875 896 utrum
904 830 978 916 ipse
999 828 1244 898 Demosthenes

157 932 242 998 haee
262 937 424 997 muluatus
446 932 505 1016 sit,
527 950 611 1017 quae
633 938 686 997 est
709 931 855 1020 Ulpiani,
882 952 923 998 an
947 938 1017 997 tota
1037 932 1144 997 aratio
1166 930 1241 999 De·

157 1032 362 1100 mosthenem
383 1051 447 1097 non
468 1033 587 1098 haheat
612 1038 794 1119 auctorem,
834 1032 895 1099 sed
923 1052 966 1098 ex
995 1034 1067 1116 ejus
1095 1032 1244 1099 laseiniis

158 1135 205 1200 sil
226 1134 415 1220 composita,
437 1151 520 1218 quae
541 1133 743 1218 plurimorum
764 1136 903 1202 virorum
916 1134 1079 1201 doctorum
1092 1138 1148 1199 est
1160 1150 1246 1200 sen-

158 1235 275 1301 tentia.
318 1235 365 1299 At
392 1236 446 1320 qni
472 1236 612 1320 potuerit
641 1234 730 1322 lieri,
758 1242 793 1301 ut
823 1236 1105 1322 praeclarissimus
1132 1240 1244 1301 orator

159 1335 275 1402 iisdem
310 1334 510 1401 auditoribus
537 1334 649 1402 eadem
676 1337 791 1403 iisdem
817 1339 929 1403 verhis
957 1342 1107 1403 narraret
1138 1354 1249 1423 eaque·

157 1458 223 1505 non
245 1455 357 1523 panea,
378 1436 441 1502 sed
463 1455 522 1522 per
542 1437 689 1521 integras
710 1439 865 1503 orationis
886 1445 1009 1524 partes,
1030 1456 1125 1505 nemo
1146 1436 1243 1503 faeile

157 1540 266 1627 diret,
287 1556 391 1624 aeque
414 1539 533 1622 poterit
554 1538 728 1622 explicari,
751 1558 809 1603 eur
830 1539 965 1605 eaedem
986 1540 1063 1605 illae
1084 1532 1244 1607 orationis

72 1648 76 1654 '
158 1647 282 1728 partes,
299 1656 382 1724 quae
397 1643 533 1703 exorat.
547 1638 590 1703 de
603 1637 760 1703 Cherson.
775 1645 852 1704 suut
867 1641 1040 1727 repetitae,
1055 1640 1244 1729 minus-eum

158 1742 282 1808 ceteris
293 1739 499 1805 cohaereant.
524 1737 645 1805 Orator
659 1739 742 1805 enim
754 1740 787 1803 in
801 1739 934 1806 exordio
947 1741 1081 1826 primum
1098 1740 1244 1826 queritur

159 1841 201 1909 de
220 1840 363 1907 diversis
376 1839 521 1925 partibus
535 1858 706 1925 eurumque
716 1840 859 1906 diversis
872 1841 989 1906 studiis
999 1846 1033 1906 et
1048 1839 1135 1928 quod
1149 1840 1244 1907 salus

158 1942 356 2029 reipublicae
370 1940 549 2025 negligatur
561 1941 948 2026 propterAtheniensium
961 1940 1145 2025 segnitiem.
1170 1940 1243 2007 lum

159 2045 252 2131 ponit
271 2041 404 2128 deinde,
424 2059 518 2125 quem
533 2060 623 2105 nsum
645 2041 722 2107 inde
737 2042 907 2128 Philippus
931 2042 965 2107 in
987 2042 1125 2127 singulis
1143 2042 1244 2109 terris

159 2142 384 2232 oppugnandis
396 2143 531 2226 ceperit.
552 2142 666 2226 Pergit
684 2149 750 2207 tum
764 2139 821 2231 (§.
840 2138 926 2233 17.)
938 2148 1015 2229 apte
1030 2141 1120 2209 adid
1133 2132 1245 2208 trans·¹

158 2247 242 2331 iens,
262 2243 304 2310 de
318 2263 379 2330 quo
391 2241 598 2329 deliberetur,
618 2242 639 2306 i.
656 2261 684 2307 e.
700 2262 743 2310 ne
762 2246 897 2330 amplius
910 2244 1081 2330 quieseant
1099 2242 1134 2309 in
1149 2260 1245 2333 paee,

159 2366 230 2414 enm
244 2345 414 2429 Philippus
427 2341 598 2409 Gordianis
609 2345 758 2410 auxilinm
776 2345 896 2430 tulerit,
917 2343 978 2410 sed
999 2350 1036 2409 nt
1056 2344 1167 2430 potius
1188 2362 1244 2411 res

158 2468 238 2514 suas
257 2447 292 2513 in
306 2443 449 2511 'l'hraeia
471 2450 605 2511 strenue
625 2452 736 2530 agant.
780 2443 875 2525 Quae
896 2464 990 2531 quum
1012 2444 1097 2511 hene
1116 2462 1157 2511 se
1179 2464 1244 2511 ex·

157 2549 299 2636 cipiunt,
319 2545 383 2625 illa,
404 2564 488 2632 quae
508 2564 552 2611 ex
572 2551 652 2613 orat.
675 2545 718 2612 de
740 2540 898 2611 cherson.
921 2564 943 2610 a
964 2543 1092 2610 verbis:
1113 2544 1244 2627 πρῶτον

156 2651 214 2732 μὲν
243 2645 428 2740 (cherson.
458 2645 531 2734 38,
574 2646 628 2713 hie
658 2640 763 2738 st),
805 2663 909 2731 unque
937 2643 980 2710 ad
1007 2631 1115 2709 τᾶλλα
1133 2639 1245 2711 πάντα

157 2745 416 2837 πραγματεύεται
437 2745 619 2840 (Cherson-
641 2744 694 2814 45
706 2794 718 2835 ,
740 2748 794 2814 hie
817 2742 918 2837 12),
939 2750 1017 2811 sunt
1037 2744 1244 2831 interposito,

156 2850 389 2935 interrumpunt
410 2850 605 2939 orationem,
627 2868 696 2914 eum
718 2848 770 2914 hie
786 2849 854 2931 jam
875 2851 1060 2935 quaeratur,
1081 2843 1157 2932 quid
1179 2846 1244 2932 igl-

158 2956 211 3016 tur
232 2951 320 3016 factu
342 2969 423 3038 opus
443 2950 505 3036 sit,
526 2956 561 3016 et
581 2957 690 3016 tamen
712 2951 827 3014 iterum
854 2955 1054 3035 exponatur,
1082 2952 1245 3032 quatenus

158 3051 329 3138 Philippus
361 3053 460 3118 etiam
495 3050 744 3117 Atheniensium
778 3050 975 3136 reipublicae
1004 3048 1055 3143 ‘sit
1090 3047 1242 3121 infestus.

156 3151 334 3237 Postquam
353 3155 454 3238 igitur
474 3152 622 3218 hortatos
647 3158 702 3218 est
723 3151 971 3237 Athenienses,
1013 3154 1049 3215 nt
1075 3162 1134 3215 re's
1164 3156 1245 3215 snas

157 3259 291 3320 strenue
312 3258 450 3338 agerent
470 3271 664 3340 semperque
694 3253 736 3319 ad
764 3251 880 3320 hellam
907 3248 1097 3317 necessaria
1125 3253 1243 3335 parata

156 3353 317 3421 haberent
343 3351 557 3445 (re-22),
598 3359 688 3419 reete
709 3353 751 3419 ad
773 3353 808 3419 id
829 3352 998 3439 transibit,
1040 3348 1128 3416 unde
1157 3366 1242 3437 opes

156 3456 225 3521 sint
244 3454 433 3536 sumendae,
454 3454 552 3540 idque
573 3457 686 3541 paneis
708 3454 898 3540 praemissis
919 3460 954 3518 ut
975 3452 1086 3539 quiete
1107 3448 1244 3517 audiant
1269 3516 1274 3523 ,

156 3577 241 3643 qnae
255 3559 298 3622 sit
312 3555 456 3621 dicturus
477 3552 686 3646 (lte-30.)
707 3557 841 3645 exponit
855 3550 926 3646 [31
937 3547 1062 3641 -35.]
1077 3560 1112 3618 et
1126 3556 1244 3618 osten-

156 3657 222 3745 dit,
249 3676 310 3723 eas
331 3676 431 3741 posse
459 3676 479 3722 a
501 3657 675 3724 Persarum
705 3677 786 3742 rege
813 3656 926 3745 ooeipi.
972 3655 1019 3719 At
1048 3652 1243 3740 interposita

156 3764 235 3824 sunt
255 3759 371 3822 iterum
396 3777 439 3824 ex
461 3765 542 3825 orat.
573 3758 616 3825 de
638 3755 795 3824 Cherson.
821 3746 910 3844 'quae
936 3755 980 3822 ihi
1009 3750 1044 3842 §.
1064 3752 1243 3821 47-51.

158 3855 336 3943 sequuntur
356 3866 392 3924 et
412 3861 445 3926 in
467 3861 582 3947 quibos
604 3861 798 3925 eontrarium
819 3858 889 3924 lere
911 3856 1061 3938 docetur,
1106 3870 1245 3940 magnae

17 4016 20 4021 .
158 3975 238 4024 esse
266 3965 392 4026 sumtus
420 3962 462 4028 ab
482 3959 749 4030 Atheniensibus,
769 3959 852 4046 ipsis
880 3954 1058 4024 iaciendos.
1110 3953 1245 4043 Seque-

159 4065 211 4125 tur
238 4067 345 4130 autem
373 4061 472 4150 inde,
515 4060 599 4150 quod
622 4059 795 4130 Persarum
823 4078 905 4146 opes
928 4061 1080 4157 poterunt
1101 4073 1146 4122 ex
1167 4074 1247 4125 ora·
