2564 4508
469 104 746 175 -401-

55 281 142 344 tem
158 272 511 364 (τὸ-ίμφερέοτατον)
535 271 584 341 ο6
605 291 761 352 murem,
782 271 934 343 uninul
952 273 1008 341 iis
1028 274 1150 345 insti·
1171 294 1174 298 ‘

56 375 356 442 diosissimnm.
399 372 548 440 Judueos
575 379 684 442 nutem
710 393 835 441 murem
866 393 987 443 revera
1009 380 1150 447 maxime
1241 375 1245 383 '

55 477 274 566 fastidivisse,
296 476 407 543 disces
430 494 474 541 ex
495 473 670 541 Michaelis
691 475 1150 565 tiur.n0minat.1v.p.ttu1.
1220 469 1225 478 ’

58 578 232 665 Lumprius
253 577 372 643 deinde
393 576 525 663 pergit:
562 572 595 643 Ὁ
616 573 683 663 γὰρ
711 573 838 659 λαγωός
868 574 939 669 (ita
960 579 1061 664 enim,
1087 602 1153 650 non

58 677 167 762 ίαγώς
188 677 395 745 scribendum
415 695 507 745 esse·
523 696 568 744 ex
594 676 891 763 antecedentibus,
933 680 986 746 ubi
1011 679 1064 746 bis
1093 685 1152 765 ic·

58 770 155 863 yndc'
172 786 226 848 est
253 780 427 865 scripturn,
455 779 603 846 concludi
630 774 764 869 potest)
792 780 956 863 μεγέθους
984 784 1068 849 ἔοικε
1093 770 1174 852 καί
1216 850 1220 857 ,

59 876 182 959 τοίχους
202 886 237 957 ἐν
256 886 388 954 ἐκεῖνοις
416 875 487 968 (its
507 899 566 966 pro
588 881 705 958 δεινοῖς
734 879 941 947 scribendum
967 901 1046 950 esse
1074 903 1153 951 cen·

60 999 140 1069 sen,
182 999 276 1066 quum
297 985 388 1047 certe
409 981 510 1047 multo
531 981 709 1049 faciliorem
729 982 1033 1070 Wyttenbuehiunu
1052 1003 1154 1072 supra

59 1081 163 1148 ullntu
184 1081 275 1149 dices
295 1078 526 1172 mutationem)
546 1080 657 1170 eluar,
695 1072 736 1151 'ut
767 1085 935 1151 sententie
965 1084 1033 1151 sits
1075 1083 1153 1155 nst
1214 1118 1222 1124 ·

60 1182 163 1250 enim
183 1182 307 1269 lepus
327 1183 456 1250 simili
476 1183 767 1268 magnitudine
788 1190 830 1251 et
851 1172 1086 1255 celeritate
1112 1187 1152 1256 in

61 1282 157 1349 illis
177 1284 250 1350 scil.
272 1284 472 1351 animalibus.
501 1286 554 1353 De
566 1291 731 1354 structure
752 1287 924 1354 verborum
946 1292 1054 1355 nutem
1070 1291 1155 1356 ίοιιιι

59 1385 224 1467 μεγέθους
243 1387 301 1451 καὶ
320 1384 443 1464 τάχους
464 1384 546 1452 εἶναι
568 1387 679 1454 conset·
695 1387 834 1455 Aristut
850 1385 990 1453 Meteon.
1006 1387 1065 1474 lv,
1092 1388 1154 1461 10.

60 1488 118 1551 καὶ
149 1482 188 1550 τὸ
214 1483 367 1569 ἤλεκτρον
388 1488 423 1554 dd
443 1484 562 1552 τούτου
582 1489 642 1552 τοῦ
663 1493 776 1568 γένους
797 1491 890 1553 ἔοικε.
937 1487 1021 1555 Vide
1041 1488 1155 1568 Bern-

60 1585 154 1652 lmrd.
177 1584 275 1673 Synt.
296 1607 406 1673 graec.
427 1608 458 1673 p.
483 1584 573 1654 166.
617 1584 760 1674 Cetera,
792 1587 826 1654 in
855 1586 970 1674 quibus
990 1589 1155 1659 lt'nelrsiuu

60 1689 138 1769 μηδὲ
160 1696 236 1774 post
257 1686 341 1755 οὕτω
363 1688 469 1768 delet,
488 1690 608 1757 retine.
652 1686 789 1770 Quaest.
814 1689 870 1756 v1.
892 1708 922 1755 c.
942 1687 987 1755 11.
1010 1685 1155 1760 utcu

61 1789 94 1855 in
115 1789 255 1857 verbis:
296 1793 403 1857 ταῦτα
422 1788 487 1878 γὰρ
509 1787 614 1856 οὐδενὶ
635 1786 805 1869 δήπουθεν
824 1789 915 1873 ἄλλοι
937 1789 1010 1873 6εῷ
1031 1787 1051 1870 ἢ
1071 1793 1156 1860 Διο-

61 1886 150 1974 νύσῳ
172 1887 335 1975 προσήκει.
356 1911 417 1980 pro
436 1887 589 1974 προσήκει
610 1888 695 1978 quud
718 1909 739 1958 e
759 1889 878 1959 Reisk.
900 1893 1051 1981 conjece,
1072 1911 1157 1963 cun·

63 1991 229 2058 sentiente
249 1991 335 2058 Men.
355 2011 464 2078 neque
484 1997 663 2078 spernente
686 1991 877 2078 Wyttenb.,
906 2000 1072 2078 receptum
1100 1998 1155 2061 est

63 2090 137 2158 loco
170 2091 296 2176 vulgati
326 2089 498 2178 προσήκειν
532 2093 669 2160 el'lnr.
705 2099 856 2172 auctore,
887 2093 1063 2179 Wyttenb.
1091 2093 1157 2161 erit

63 2191 224 2259 edendum
245 2199 441 2282 προσέοικεν.
499 2193 572 2262 sed
593 2213 653 2280 pru
673 2191 763 2277 ἄλλῳ
784 2195 858 2278 θεῷ
880 2195 1070 2280 scripserim
1091 2191 1155 2261 rit·

62 2295 127 2361 λοιν
147 2295 253 2361 θεῶν.
292 2295 340 2360 lb.
359 2295 392 2363 in
414 2297 543 2363 verbisz
563 2297 612 2361 ἔτι
632 2298 744 2360 τοίνυν
762 2297 834 2376 μέλι
855 2297 943 2378 [μὲν]
959 2291 998 2360 οὐ
1013 2299 1155 2383 ιιροσφί-

63 2419 157 2486 ρονσι
184 2406 258 2472 ταῖς
277 2400 472 2482 ἱερουργίαις
500 2416 542 2464 ne
570 2396 646 2463 dele
676 2414 747 2462 cum
769 2397 944 2482 Wyttenb·
970 2396 1039 2478 ltin·
1081 2397 1156 2466 Re·

63 2497 229 2585 spondent
250 2498 334 2565 enim
355 2498 390 2563 in
410 2499 452 2563 iis
471 2517 559 2586 quae
578 2502 776 2586 sequnntur:
818 2495 895 2576 τοὺς
921 2499 955 2567 u
979 2493 1069 2591 (scr.
1091 2493 1153 2590 δ’]

61 2594 148 2672 οὕτω
168 2601 252 2672 κολα
272 2607 308 2675 et
330 2626 372 2679 eu
392 2621 476 2694 quae
497 2599 630 2667 desunt
670 2601 721 2668 lb.
742 2618 802 2687 pru
822 2595 881 2680 τὴν
901 2597 1087 2685 γλυκύτητα
1107 2603 1157 2667 nt·

61 2703 179 2774 νώδεοι
204 2708 306 2790 ῥίζαις
335 2711 394 2776 καὶ
419 2707 598 2798 αὐοτηραῖς
623 2706 768 2775 sonasse
794 2707 899 2791 ῥίζαις
923 2700 1072 2774 elucident
1097 2704 1157 2775 fuit
1207 2754 1211 2761 =

64 2809 233 2894 scriptum.
1145 2834 1150 2841 ·

152 2909 244 2991 Quae
265 2909 364 2993 igitur
390 2907 425 2975 in
453 2909 694 2995 quatuordecim
722 2909 820 2994 hujus
845 2907 919 2975 libri
947 2907 1029 2976 loeis
1061 2908 1157 2994 lege·

65 3012 182 3079 buntur
202 3008 363 3095 ejusmodi
383 3010 464 3076 uitis
486 3011 601 3096 purtim
623 3011 751 3077 omnino
772 3027 815 3077 ex
837 3008 1156 3094 corruptelumnjnne

63 3111 207 3179 locurum
229 3110 385 3196 originem
407 3110 529 3178 ducere
551 3110 761 3198 videbuntur,
787 3111 835 3177 uti
857 3107 949 3177 666.
970 3109 991 3177 l.
1015 3106 1106 3176 666.
1125 3129 1157 3191 ιι.

63 3211 128 3279 bis.
151 3209 242 3278 668.
263 3231 292 3279 ο.
314 3208 406 3277 669.
429 3211 460 3277 b.
483 3207 575 3278 676.
596 3229 646 3289 ο.,
690 3210 809 3298 purtim
834 3229 878 3277 ex
904 3229 965 3277 usn
985 3211 1159 3298 scriptoris
1173 3259 1204 3306 ‚k

65 3318 102 3380 et
125 3313 217 3379 libris
238 3312 376 3399 aliisque
397 3313 439 3381 de
460 3313 572 3381 causis
592 3316 688 3379 erunt
708 3311 867 3394 tellendn,
888 3310 995 3383 veluti
1014 3309 1107 3381 666.
1129 3332 1173 3385 u·-

62 3411 158 3482 664.
178 3412 211 3481 6.
239 3409 329 3479 666.
352 3432 382 3479 ο.
412 3409 503 3479 676.
524 3413 573 3494 6.,
591 3414 721 3500 *pnrfim
748 3413 821 3483 selu
841 3413 933 3482 hintn
953 3412 1159 3485 ouendclrm

64 3512 159 3584 666.
181 3533 212 3581 ο.
233 3510 327 3580 661.
348 3513 381 3580 6.
404 3509 496 3578 669.
519 3509 541 3582 f.
563 3511 703 3582 timr-
743 3508 757 3547 ‘
826 3540 827 3544 ¹

150 3615 224 3682 Lib.
247 3615 289 3682 V.
323 3611 459 3696 Quaest.
481 3614 509 3681 1.
543 3632 572 3682 ο
595 3615 638 3682 ll.
660 3613 754 3682 676.
781 3613 814 3683 6.
840 3607 1055 3700 πραττόμενοι
1081 3616 1159 3683 unte
1262 3682 1266 3687 .

65 3719 191 3793 οίιιιίος
219 3716 253 3782 in
273 3715 412 3801 exempl.
440 3715 578 3783 ssutten.
598 3722 634 3783 et
662 3716 811 3783 Tunclrn.
841 3735 900 3801 pro
927 3709 1158 3802 πραττόμενον,

63 3817 180 3886 vitium
210 3822 266 3882 est
287 3815 414 3901 typoth.
458 3813 596 3898 (incest.
618 3815 663 3882 11.
684 3813 779 3885 676.
801 3816 832 3885 b.
862 3815 898 3880 in
919 3812 1057 3880 verbis:
1098 3815 1157 3881 nul

64 3917 247 3998 τοῦτομὲν,
268 3921 362 4005 ἔφην,
383 3915 421 3982 τὸ
442 3911 645 4001 ἀνάγνωσμα
665 3918 730 3984 τῶν
751 3913 812 3982 οὐκ
832 3921 867 3984 ἐν
886 3919 975 3995 μέσον
994 3915 1080 3980 tort·
1097 3931 1157 3998 pro
1245 3957 1250 3965 ·

64 4023 101 4096 dv
128 4024 217 4101 μέσῳ
246 4018 320 4086 olim
346 4023 492 4100 ίμμίσοιν
518 4016 677 4103 scriptum
702 4015 819 4085 {tuisse
839 4013 978 4083 videtur.
1019 4009 1157 4097 (latest.
