2580 4514
503 190 545 206 -
609 147 779 220 477'.-
872 161 995 215 ,”

88 324 257 392 nebantur
285 328 494 410 argumenta,
510 342 593 409 ,non
624 322 770 389 offendit.
798 316 946 390 .c.1v.
979 316 1072 387 617.
1100 337 1127 384 ε.
1152 308 1213 386 ἐπ’

88 426 229 494 verbis:
251 429 361 491 καίτοι
383 425 465 510 φησὶ
492 424 605 504 Τίμων
627 421 666 487 οὐ
687 425 754 488 δεῖν
773 417 996 508 ἀφαιρεῖσθαι
1016 420 1064 485 ἑνὶ
1085 441 1192 506 upon-r

91 517 233 608 νέμοντο
248 523 307 606 τὴν
319 524 424 608 τιμήν.
444 522 520 612 ὅπερ
528 519 633 600 ,αὐτὸς
647 526 731 588 ἔοικε
741 532 843 588 ποιεῖν
862 524 997 604 μᾶλλον.
1015 518 1188 607 Wyttenb.

92 627 217 693 verba:
239 633 462 712 προσνέμοντα
483 621 540 702 τὴν
566 621 670 705 τιμήν.
695 620 772 707 ὅπερ
793 620 893 698 αὐτὸς
915 626 998 687 ἔοικε
1018 642 1062 688 ex
1081 621 1188 686 Palae

93 727 273 814 supplevit,
287 746 357 792 oum
371 725 468 810 vulgo
483 730 557 810 post
575 725 688 805 Τίμων
702 724 886 808 legeretur:
904 721 943 787 οὐ
955 724 1021 788 δεῖν
1038 719 1190 808 ἀφαιρεῖ-

92 828 182 892 σθαι
200 829 264 890 τῶν
278 825 385 891 ἄλλων
400 831 446 890 ἑνὶ
459 834 549 889 ποεῖν
559 827 694 906 μᾶλλον,
718 825 803 911 quod
815 825 968 890 vitiosum
980 842 1059 889 esse
1083 823 1189 888 sensit

94 926 267 1014 Xyiander
288 930 492 1013 suspicatus:
524 927 587 990 τῶν
608 923 716 990 ἄλλων
737 922 774 989 τὸ
797 923 923 1005 κοινὸν,
952 925 997 1007 τῷ
1019 926 1066 988 ἑνὶ
1087 930 1190 990 ποιεῖν
1245 974 1248 980 .

95 1030 189 1094 ἴδιον.
213 1028 374 1114 Stephon.
397 1026 555 1093 docuerat
582 1046 641 1112 pro
674 1025 721 1089 ἑνὶ
748 1028 851 1091 ποιεῖν
879 1025 1037 1111 quosdam
1064 1021 1186 1117 (Turn.

95 1136 128 1197 et
152 1124 271 1218 vulo.)
294 1147 454 1214 reponere
477 1125 495 1190 ὃ
518 1137 617 1206 ποιεῖ,
660 1125 721 1192 sed
743 1127 831 1192 aliud
852 1125 1001 1192 mendum
1023 1126 1095 1193 huin
1117 1125 1203 1191 loeo*

93 1229 237 1295 subesse
259 1229 374 1294 videri.
397 1228 512 1293 Reisk.
535 1228 603 1312 legi
626 1229 793 1295 voluerntt
837 1231 946 1291 καίτοι
968 1227 1049 1314 φησὶ
1076 1227 1189 1308 Triton

83 1324 134 1421 οὐ
165 1331 234 1394 δεῖν
262 1326 489 1416 ἀφαιρεῖσθαί
517 1352 592 1393 τινοι
608 1406 612 1411 ¹
626 1325 664 1393 τὸ
698 1324 787 1410 αὐτῷ
809 1330 997 1416 προσῆκον.
1023 1322 1123 1400 αὐτὸς
1154 1326 1189 1391 δὲ
1205 1357 1215 1368 -’

89 1427 306 1514 χαριζόμενος
335 1426 412 1520 (vel
441 1425 649 1518 προσνέμων)
678 1425 721 1493 τὰ
748 1429 813 1492 τῶν
842 1424 950 1492 ἄλλον
977 1428 1047 1504 ἑνὶ,
1084 1428 1189 1492 Ιτοῦτο

93 1533 183 1594 ἔοικε
216 1539 318 1593 ποιεῖν
347 1531 483 1611 μᾶλλον.
519 1529 655 1594 Hutten.
684 1528 823 1614 (lenique
853 1535 946 1594 recte
974 1533 1108 1593 seculus
1136 1532 1191 1593 est

92 1629 400 1718 Wyttenbaohinm,
428 1631 462 1696 in
485 1649 525 1696 eo
548 1635 656 1696 tamen
679 1630 816 1713 erravit,
839 1628 923 1715 quod
945 1632 1020 1714 post
1037 1624 1189 1716 ἀφαιρεῖ-

91 1731 186 1796 σθιιι
208 1731 315 1795 omisit
337 1734 401 1796 τῶν
422 1729 543 1809 ἄλλων,
565 1749 628 1816 quo
650 1730 709 1796 vix
731 1748 844 1796 oarere
866 1748 1048 1814 possumus.
1093 1724 1190 1808 onon

93 1831 274 1916 Wyttenb.
299 1851 356 1916 pro
378 1833 459 1916 φησὶ
472 1831 604 1896 mavult
626 1829 722 1917 φήσει
743 1831 849 1896 minus
872 1829 1002 1896 videtur
1023 1827 1190 1922 probabile

93 1950 185 1999 esse.
238 1931 414 1998 Sententia
447 1932 531 1997 enim
561 1937 629 1997 est:
661 1932 739 1998 dioit
767 1933 820 1999 vir
849 1932 954 2018 qualis
982 1930 1098 1996 Timon
1127 1933 1189 2011 est

94 2028 136 2107 C.
159 2030 203 2096 V.
226 2027 318 2097 618.
339 2049 365 2096 o.
386 2031 585 2115 defenderim
606 2035 762 2131 raetiani)
783 2034 839 2098 ιιοιὶ
860 2029 1039 2118 ἁρμονικοῦ
1063 2026 1190 2118 ἀνδρὸς,

96 2132 175 2219 qnia
210 2128 384 2218 ἁρμονικὸς
419 2130 500 2218 ἀνὴρ
535 2153 631 2198 unum
673 2132 906 2221 quodammodo
949 2138 1002 2199 est
1044 2132 1189 2198 verbum

97 2230 237 2314 Quaeet.
257 2230 317 2296 111.
342 2229 374 2294 1.
399 2227 489 2300 619.
513 2235 542 2299 b.
563 2235 596 2298 in
619 2235 749 2310 verbis:
777 2230 832 2320 ἐφ’
858 2223 899 2297 οὗ
919 2228 1191 2298 ιιοιτοιιιλινετοιιὸ

94 2328 259 2417 βασιλεὺς.
282 2332 423 2398 fortasse
445 2334 600 2400 articulus
621 2330 683 2401 est'
697 2333 874 2419 delendus,
905 2333 980 2418 quia
997 2331 1042 2398 ’tle
1064 2326 1192 2398 Persa-
1242 2408 1245 2420 ι

95 2452 167 2498 rum
190 2450 269 2516 rege
289 2452 397 2499 sermo
419 2439 493 2521 est,
521 2435 627 2520 quiin
650 2432 755 2499 medio
777 2433 968 2500 accumbere
989 2433 1116 2511 soleat,
1138 2434 1194 2498 oui·
1252 2489 1257 2499 .

96 2552 184 2600 nom.
202 2533 359 2613 articulus
370 2551 435 2599 non
447 2535 534 2601 solet
549 2534 715 2620 praeungi.
736 2534 773 2601 lu
790 2533 992 2616 Quaestlv.
1010 2530 1190 2600 611626.
1278 2570 1279 2575 1

97 2652 129 2700 e.
152 2634 186 2697 in
209 2633 341 2698 verbis:
364 2626 487 2722 ooi’yoip
511 2637 602 2700 οῖνον
623 2641 682 2718 μέν
702 2641 770 2700 ἐστι
792 2631 870 2722 πρὸς
880 2630 965 2720 ὕδωρ
977 2639 1087 2720 ἑτέρον
1097 2638 1191 2720 ἑτέρον

96 2731 200 2815 μῖξις,
222 2734 318 2818 vulgo
341 2733 469 2817 legunt:
494 2735 602 2822 ἕτερον
623 2741 749 2822 ἑτέρον,
772 2735 833 2802 sed
855 2737 889 2801 in
910 2735 993 2802 Ven.
1015 2735 1087 2800 Pal.
1111 2735 1191 2824 νοῒ.
1265 2730 1268 2737 ’

97 2852 151 2919 ap.
168 2834 260 2900 Volo.
283 2841 316 2900 et
339 2832 531 2921 Salumxyl.
555 2843 589 2902 et
609 2837 730 2902 Amiot.
757 2856 815 2922 pro
837 2836 971 2921 vulgato
992 2841 1104 2924 ἑτέρου
1127 2855 1191 2903 ex-

95 2934 228 3000 hibetur
249 2932 352 3023 έτέροι.
397 2935 462 3001 Pro
483 2937 593 3024 ἕτερον
613 2944 721 3004 autem
744 2937 835 3002 Volo.
856 2935 957 3003 Salm.
978 2937 1102 3022 Xylet
1115 2937 1190 3002 Am.

96 3034 200 3101 scribi
221 3035 392 3102 voluerunt
412 3039 539 3123 ἑτέρου,’
561 3037 645 3124 quod
667 3039 758 3103 llutt.
781 3038 924 3128 recepit3
945 3037 1063 3104 Reisk.
1086 3037 1192 3104 voluit

96 3141 204 3221 ἑτέρα.
248 3137 296 3200 At
323 3157 384 3221 ego
413 3157 508 3205 unum
536 3157 649 3204 verum
676 3138 807 3226 habeo,
851 3138 935 3224 quod
966 3138 1142 3225 Wyttenb.
1172 3155 1192 3204 e

97 3235 195 3303 codd.
217 3239 358 3323 recepit:
380 3237 488 3323 ἕτερον
509 3244 611 3325 ἑτέρα.
655 3239 789 3326 Antiqui
810 3238 941 3305 enimin
955 3239 1193 3326 temperatione

97 3339 169 3405 vini
198 3337 296 3404 etiam
325 3343 472 3404 naturam
501 3358 606 3426 aquae
634 3345 878 3427 spectaverunt.
919 3338 1096 3407 Sententia
1125 3345 1192 3405 tum
1228 3383 1232 3391 s

97 3439 179 3506 erit:
201 3438 278 3503 Non
301 3439 387 3504 enim
408 3438 475 3503 vini
496 3440 626 3525 quidem
647 3449 700 3508 est
717 3440 764 3522 ad
786 3460 902 3528 aquam
916 3441 1012 3507 alium
1030 3443 1098 3508 alia
1114 3460 1192 3508 eon-
1248 3438 1258 3451 '

96 3539 302 3625 temperatio,
324 3538 460 3604 hominis
482 3547 676 3608 autemnon
698 3544 864 3627 singulare
887 3547 1191 3628 temperamentum

96 3646 153 3705 est
188 3639 296 3724 potius
328 3641 455 3726 utrique
491 3662 581 3708 sunm
610 3629 929 3729 temperamentum.v
976 3641 1077 3707 Miror
1107 3639 1192 3727 quod

96 3739 263 3807 Faehsius
284 3740 367 3806 liaeo
388 3760 452 3805 non
473 3740 662 3826 intelligens
684 3763 742 3828 pro
775 3738 899 3825 οὐγὰρ
928 3747 1019 3822 οἴνου
1048 3748 1104 3808 aut
1130 3743 1192 3807 τοῦ

95 3837 162 3927 γὰρ
185 3846 277 3904 οἴνου
298 3845 355 3906 aut
375 3847 466 3906 οἴνου
485 3837 550 3927 γὰρ
571 3843 629 3923 μὲν
651 3844 791 3927 conjecit
811 3849 846 3908 et
867 3844 988 3909 verba:
1010 3839 1192 3927 ἀνθρώπου

96 3941 132 4006 δὲ
153 3937 451 4027 πρὸς-φυλάττειν
471 3942 759 4030 interrogationem
781 3944 902 4010 habuit.
946 3942 1012 4009 Est
1029 3949 1191 4010 nostrum:

94 4040 217 4111 Haben
246 4039 329 4107 doeh
357 4041 446 4109 nieht
473 4041 563 4110 blosa
594 4045 695 4113 Wein
722 4034 801 4112 und=
818 4045 964 4113 Waaser
994 4043 1045 4110 ihr
1075 4045 1193 4133 eignes
