2580 4514
512 153 784 220 -na-

92 324 246 413 Typhon
267 342 339 390 cum
361 324 448 389 ferre
471 329 506 390 et
527 322 573 389 uti
594 324 712 390 lenum
732 322 893 390 interdum
915 343 936 390 a
956 323 1066 410 lapide
1087 330 1194 391 attra-

94 426 190 493 bitur
211 432 246 493 et
268 445 339 493 eum
362 426 525 512 sequitur,
567 425 728 490 interdum
758 432 867 491 autem
896 425 995 490 etium
1022 424 1063 489 ab
1093 444 1133 490 eo
1151 424 1195 499 ¹in

95 528 268 595 diversam
291 534 417 613 partem
439 527 618 613 arrertitur,
639 526 686 590 ita
708 535 813 591 motus
837 526 1013 612 (Typhon)
1034 522 1195 591 interdum

97 630 258 696 salutaris
289 635 342 694 est
370 633 405 690 et
427 625 575 693 duritiem
597 628 717 693 leniter
740 628 843 693 mollit
851 674 861 713 ,
904 626 1065 692 interdum
1087 629 1195 691 autem

96 730 131 797 si
163 736 219 795 est
256 727 423 805 turbidus,
468 747 540 793 eam
568 728 600 792 in
632 728 730 793 altum
765 729 926 794 sublatam
953 727 996 793 ad
1024 746 1063 792 se
1096 726 1196 790 trabit

98 832 194 898 etin
222 828 399 895 discrimen
427 829 599 913 immergit.
642 826 679 894 C.
703 825 936 894 thll.‘.376.
958 848 988 893 e.
1010 828 1044 892 in
1065 826 1195 892 verbisr

98 928 168 997 ὅσα
199 932 255 995 καλ
281 933 336 1009 τῆς
357 926 489 1008 σελήνης
510 928 607 1017 (μώτά
634 937 721 996 ἐστιν
751 928 827 995 dele
849 948 876 994 c.
906 928 1023 994 I‘Ilotio
1052 930 1084 993 in
1114 926 1196 993 (λοῦ.

102 1032 255 1097 ccxbl.
288 1052 318 1116 p.
344 1029 461 1095 1047.
484 1036 581 1095 ἐστιν.
625 1030 662 1096 C.
686 1035 840 1096 LXVIII.
864 1028 956 1096 378.
981 1030 1013 1095 b·
1039 1025 1148 1107 Γλυκὴ
1175 1028 1196 1106 ἡ

99 1126 250 1209 ἀλήθεια
271 1138 306 1196 et
327 1128 423 1208 Φωνὴ
445 1128 569 1208 ἀληθὲς
590 1138 666 1197 suut
686 1132 842 1198 formulae
863 1131 1034 1210 solennes,
1066 1130 1099 1195 iu
1123 1130 1198 1216 qui-

99 1232 165 1297 bus
187 1233 296 1297 hiatus
318 1251 381 1296 non
402 1232 508 1315 magis
529 1232 680 1319 effendit,
718 1252 813 1319 quam
835 1232 867 1295 in
890 1233 1054 1316 numeris,
1091 1230 1198 1316 qualis

99 1330 180 1399 ibid.
200 1336 236 1399 ct
256 1332 389 1417 saepius
410 1332 530 1415 legitur
552 1328 650 1416 ἑνάνῃ
672 1336 723 1398 έπὶ
744 1334 833 1397 δέκα.
877 1329 914 1398 C.
929 1336 1040 1396 LXX.
1057 1329 1147 1396 379.
1164 1352 1194 1397 a.

102 1432 191 1499 haec
219 1434 390 1517 legentum
433 1429 522 1496 καθ’
547 1430 587 1510 ἢν
614 1430 653 1512 δὴ
675 1429 764 1521 ὥραν
793 1430 869 1508 τοῦς
895 1434 954 1515 μὲν
974 1429 1039 1497 ἀπὸ
1060 1424 1197 1514 δένδριον

101 1528 170 1623 (R.
192 1532 315 1599 mauult
337 1530 404 1598 ἀπὸ
425 1536 491 1599 τῶν
511 1534 650 1621 δένδρων
672 1534 756 1620 quod
777 1554 851 1599 num
873 1552 1008 1620 prorsus
1034 1550 1198 1597 neccssa-

100 1635 184 1699 rinm
215 1634 260 1698 sib
296 1629 429 1725 dubito)
465 1631 572 1719 ἑώρων
607 1633 864 1722 ἀφανιζομένους
900 1633 1106 1699 παντάπασιν
1139 1639 1198 1699 καὶ

101 1730 355 1813 ἀπολείποντας,
389 1731 467 1810 τοῦς
487 1736 522 1799 δὲ
543 1733 613 1826 (in
636 1736 726 1800 llutr.
749 1754 769 1801 e
792 1737 876 1818 conj.
899 1735 1008 1819 wyte.
1030 1754 1088 1818 pre
1108 1734 1197 1828 ynlg.

102 1834 161 1912 οὓς
181 1835 226 1915 δέ,
247 1834 332 1921 quud
353 1834 513 1901 retinebis
534 1835 609 1900 coll.
631 1835 749 1901 ltlattlr.
774 1832 831 1900 Gr.
853 1855 902 1920 gr.
926 1831 961 1921 §r
984 1830 1074 1900 289.
1095 1854 1126 1900 n.
1140 1830 1198 1924 7.)

103 1939 163 2003 καὶ
203 1934 300 2001 αὐτοὶ
339 1940 612 2019 κατασπείραντες
646 1932 784 2025 (Squir.
821 1936 947 2002 mavult
977 1942 1199 2018 κατέσπειραν,

102 2036 178 2103 sine
199 2035 320 2102 idonea
341 2032 464 2125 cansa)
485 2040 533 2101 ἔτι
553 2038 716 2123 γλίσχρως
737 2040 794 2103 καὶ
815 2034 959 2124 ἀπόρως,
1001 2032 1198 2119 διαμώμενοι

102 2150 177 2215 ταῖς
203 2140 298 2223 χερσὶ
324 2134 383 2215 τὴν
409 2138 470 2220 γῆν
498 2140 555 2202 καὶ
582 2142 836 2221 περιστέλλοντες
871 2135 1004 2229 (Squir.
1030 2138 1114 2205 male
1140 2138 1198 2203 καὶ

102 2244 291 2325 σπέρματα)
319 2228 441 2327 αὖθις,
484 2236 534 2304 ἐπ’
565 2234 675 2322 ἀδήλῳ
703 2242 749 2322 τῷ
777 2239 911 2320 (llurkt
938 2246 972 2305 et
993 2238 1104 2326 Sqnir.
1133 2258 1200 2306 non

103 2350 197 2407 recte
219 2342 295 2420 τοῦ)
316 2340 414 2405 πάλιν
435 2341 640 2406 ἐκτελεῖσθαι
661 2342 718 2405 καὶ
749 2342 934 2404 συντέλειαν
960 2339 1043 2419 ἕξειν
1069 2341 1197 2406 ἀποθέ-

102 2466 212 2523 μενοι,
257 2438 361 2506 πολλά
383 2438 573 2506 θάπτονσιν
604 2434 703 2524 ὅμοια
730 2442 787 2506 καλ
814 2441 998 2508 πενθοῦσιν
1027 2446 1196 2528 ἔπραττον.

104 2544 178 2609 Huc
199 2542 233 2607 in
254 2542 324 2608 loce
347 2538 386 2621 dr>
408 2562 429 2609 e
449 2544 535 2626 conj.
559 2542 733 2628 Wyttenb.
755 2562 814 2630 pru
836 2548 913 2608 cett.
936 2545 972 2609 δέ
992 2552 1046 2610 est
1066 2545 1198 2611 editum.

71 2668 74 2679 ·
106 2640 272 2732 opinatur
293 2645 378 2710 euim
401 2645 483 2711 baec
504 2645 606 2711 verbu
628 2664 700 2709 cum
721 2643 990 2712 antecedentibus
1012 2665 1090 2713 esse
1118 2664 1200 2712 cun·

88 2769 93 2781 ·
101 2744 283 2831 jungenda.
326 2747 373 2811 At
394 2746 497 2812 verba
519 2746 627 2831 potius
648 2746 695 2810 ita
718 2752 795 2811 sunt
817 2745 990 2813 struenda:
1020 2766 1084 2834 quu
1112 2753 1200 2815 tem-

105 2866 187 2933 pore
208 2858 316 2913 autem
337 2850 459 2912 tructus
480 2846 644 2913 deiecisse
665 2884 707 2897 -
729 2847 886 2914 videbunt
916 2854 977 2914 etc.
989 2896 1000 2937 ,
1042 2867 1082 2915 eu
1113 2855 1201 2917 tem·
1223 2931 1226 2937 Ι

106 2965 187 3033 pure
215 2948 315 3012 multa
347 2949 381 3012 in
415 2954 555 3013 mentem
584 2950 810 3033 sepelientium
840 2950 1014 3015 faciebant.
1078 2949 1201 3017 Retine

108 3050 211 3133 igitur
239 3049 390 3115 librorum
419 3050 474 3129 δὲ,
517 3055 670 3113 mutatum
699 3056 807 3115 tamen
834 3050 869 3115 in
899 3043 945 3115 δ’.
997 3048 1033 3115 C.
1061 3054 1201 3117 LXXV.

109 3148 202 3214 381.
226 3147 320 3213 1).τά
343 3147 456 3228 θνητά
478 3147 551 3231 ἀχει
574 3152 700 3215 scribes
722 3171 751 3216 c.
774 3149 887 3237 Eurip.
910 3152 943 3216 in
966 3149 1202 3219 mansee.

107 3248 194 3315 unde
216 3251 318 3315 verba
340 3257 417 3314 sunt
439 3249 605 3329 desumta,
635 3247 678 3315 τά
700 3248 803 3330 θνήτ’
828 3252 909 3335 ἀχει.
953 3248 991 3317 C.
1014 3255 1202 3318 LXXVIII.

109 3347 200 3414 382.
224 3348 252 3413 d.
282 3351 315 3413 in
337 3350 464 3415 verbis:
507 3347 524 3411 ν’
556 3352 589 3415 δὲ
611 3355 670 3416 τοῦ
690 3353 810 3430 νοητοῦ
840 3356 897 3418 καὶ
928 3354 1117 3441 εἰλικρινοῦς
1143 3354 1201 3418 καὶ

105 3445 205 3532 ἀγιόν
226 3446 351 3526 νόησις,
374 3445 477 3536 ὥσπερ
499 3449 647 3536 ἀστραπὴ
669 3451 907 3540 διαλάμψασα,
930 3456 971 3538 τῇ
997 3456 1092 3537 ψυχῇ
1113 3450 1203 3533 buu}

108 3552 185 3614 ποτὲ
215 3552 324 3632 θιγεῖν
354 3552 411 3613 καὶ
438 3553 600 3635 προσιδεῖν
630 3560 780 3639 παρέσχε.
809 3554 940 3620 dativus
967 3556 1008 3637 τῇ
1036 3556 1132 3639 ψυχῇ
1160 3554 1201 3619 ab

108 3648 245 3715 llutten.
270 3650 422 3715 elllurld.
447 3658 481 3714 et
494 3649 617 3736 Squirii
640 3655 828 3736 conjectura
850 3653 957 3719 editus
980 3662 1033 3719 est
1054 3674 1112 3739 pru
1126 3653 1203 3719 vul-

105 3759 186 3835 gato
208 3752 264 3828 τῆς
284 3754 403 3836 ψυχῆς,
426 3752 574 3838 idemque
595 3754 730 3819 Hutten.
752 3773 771 3819 e
793 3753 997 3818 correctione
1020 3754 1117 3818 Bent.
1131 3760 1201 3815 ’πα-

105 3860 202 3941 ρέσχε
232 3873 290 3938 pru
320 3861 476 3935 προσέσχε
503 3854 602 3919 dedit.
648 3855 825 3939 Utramque
858 3854 1064 3919 mutationem
1093 3858 1203 3920 tamen

104 3973 174 4019 neu
192 3954 299 4037 probo.
343 3953 519 4020 Sententia
533 3957 617 4021 enim
638 3964 708 4021 est:
730 3952 947 4036 intelligentia
969 3952 1099 4040 sinceri,
1120 3970 1198 4017 sun-

104 4056 153 4121 cti
176 4062 213 4119 et
235 4062 343 4122 mente
366 4057 567 4142 percipiendi
595 4056 637 4122 ad
662 4056 695 4121 id
717 4060 841 4122 tanturn
869 4053 1036 4135 adtendit,
1062 4054 1203 4123 animum
