2580 4514
63 429 121 493 est
139 421 204 489 vis
246 413 353 488 Recte
373 419 471 507 igitur
483 424 568 490 Bait
589 429 624 490 et
637 421 763 508 Saepe.
787 420 968 488 breviorem
990 422 1155 511 prenomi-

65 525 119 591 nis
139 522 275 590 ier-mam
297 529 375 588 sunt
396 524 477 589 tuiti.
519 523 612 592 Idem
634 536 697 591 nen
720 506 978 609 satispeispiei'o
992 541 1049 588 eur
1064 520 1153 600 266,

69 621 161 692 161.
190 624 224 689 in
246 623 378 689 verbis.·
407 623 527 707 φῶθ’
552 621 699 692 evdtrtoz'
723 621 766 689 ἂν
787 620 877 706 οἶμαι
900 627 984 706 [τοῖς
1004 643 1153 709 προειρη

64 729 190 808 μένοις]
213 729 423 812 οἰκειοτέρους
442 721 560 808 λόγους
581 727 726 811 ῥηθῆναι
753 721 879 790 τούτων
907 727 1000 791 uncis
1028 714 1154 793 incluse

65 828 135 893 sint
155 835 225 905 τοῖς
245 838 362 911 προιιρ.
405 826 514 893 Timet
542 827 627 893 enim
655 831 764 892 orator
791 845 833 892 ne
858 824 918 906 ἔξω
944 828 1000 904 τῆς
1026 823 1154 896 ὑποθέ-

66 950 148 1005 σιος
173 928 301 994 loeutus
330 944 406 992 esse
434 927 604 1016 videatur,
632 927 820 1014 pergitque:
863 926 1011 1014 equidem
1040 929 1153 1013 opinor

67 1029 167 1108 haee,
187 1044 378 1114 queefflune
400 1027 479 1107 dixi,
500 1028 821 1119 optime,eenvenire
843 1030 897 1118 iis,
917 1016 1000 1115 quee
1021 1028 1072 1092 his
1093 1048 1152 1094 en·

66 1133 278 1197 tetesserent
290 1175 301 1216 ,
343 1147 394 1194 me
421 1128 520 1214 igitur
546 1147 749 1216 nequequam
784 1148 933 1215 eseepe
968 1129 1152 1195 aberrasse.

66 1232 259 1298 demoveas
280 1247 320 1295 ee
341 1229 382 1296 de
404 1247 505 1313 eausa
527 1249 597 1296 eum
619 1232 702 1298 Bait
724 1237 758 1296 et
779 1230 904 1317 Saupp.
927 1249 1038 1296 uncos.
1076 1228 1153 1296 Dii·
1233 1216 1238 1228 '

65 1333 184 1400 titilius
200 1331 346 1416 judicatu
368 1335 422 1397 est
442 1350 516 1396 num
536 1330 704 1398 Isocrates
726 1329 818 1421 233,
842 1328 877 1402 6.
892 1332 1062 1418 scripserit
1074 1328 1153 1417 βού-

66 1437 168 1517 λομαι
187 1421 255 1498 οὖν.
296 1429 457 1518 Equidem
478 1432 618 1498 arbitror
638 1439 801 1500 oratorem
822 1434 856 1498 dd
879 1453 936 1518 pre
959 1422 1017 1498 οὖν
1039 1432 1153 1499 dedis-

65 1553 123 1623 se,
150 1534 213 1601 hee
234 1532 318 1599 enim
340 1531 515 1618 partientes
537 1530 622 1599 inter
642 1553 681 1600 se
704 1535 879 1622 permutari
900 1530 983 1600 inira
1012 1533 1055 1600 ed
1077 1535 1152 1613 Arr-

65 1633 191 1702 tidesin
212 1631 391 1701 ostendam.
433 1633 614 1699 Isocratem
637 1639 728 1700 certe
749 1654 813 1700 non
836 1634 973 1723 dixerim
994 1632 1153 1718 ejusmodi

65 1736 191 1803 hiatum
212 1733 406 1819 admisisse,
435 1752 529 1819 quem
557 1739 624 1799 tam
651 1735 747 1802 facile
774 1736 902 1802 evitare
929 1737 1089 1822 potuerit,
1118 1740 1154 1802 e't

66 1855 153 1924 quae
174 1834 248 1902 oiim
270 1835 461 1919 tegebantur
483 1835 631 1922 exempta
658 1836 768 1922 plura,
794 1838 864 1920 iem
892 1841 968 1901 sunt
996 1844 1153 1903 correcte
1176 1899 1186 1920 s

64 1937 120 2005 lte
141 1935 242 2016 376,
266 1934 356 2001 176.
377 1935 492 2018 vulgo:
514 1932 670 2016 ἡγεῖσθαι
689 1935 774 2012 εἰκὸς
792 1938 911 2025 ἐκρίθη
929 1936 1152 2023 Σπαρτιατῶν

65 2044 140 2107 erat
153 2030 325 2127 scriptrrm,
348 2055 432 2100 nune
450 2035 567 2118 legitur
580 2038 709 2103 verbis:
730 2037 815 2134 εἰκὸς
835 2039 953 2129 ἐκρίθη
973 2038 1090 2105 deletis
1103 2035 1153 2122 ἡγ.
1246 2066 1248 2086 ¹

65 2140 201 2228 Σταρτ.
213 2136 311 2217 281,
327 2135 417 2205 233.
410 2138 644 2223 .pr0vuiget..
667 2137 791 2218 ἔστιιιῆ
810 2158 896 2203 nunc
914 2139 1038 2204 ἐστὶν
1019 2165 1038 2218 η
1057 2145 1091 2205 et
1109 2141 1151 2205 ite
1231 2176 1235 2185 ·

66 2238 160 2308 236
179 2260 236 2326 pro
248 2235 472 2326 zenodotius
455 2263 539 2320 ιμιι
553 2237 749 2323 βουλόμενος
762 2259 849 2305 nunc
856 2262 950 2326 χρηο
943 2238 1082 2325 .βουλ.
1067 2242 1151 2323 ημᾶς

66 2339 214 2422 81383,
225 2338 314 2408 343.
334 2360 393 2427 pro
405 2364 462 2418 την
471 2363 572 2427 φυσιν
584 2337 678 2406 εινιιι
702 2336 790 2416 ὅστις
809 2347 892 2405 nune
909 2338 992 2406 siem
1009 2339 1067 2420 τὴν
1083 2339 1151 2428 φύ-

64 2466 127 2511 σιν.
147 2440 238 2520 ὅστις
253 2448 307 2509 est
325 2442 481 2528 seriptum
506 2449 540 2506 et
563 2437 661 2529 237,
684 2438 745 2507 26.
772 2441 920 2526 vulgata.
946 2440 1029 2507 εἵνοιι
1057 2440 1153 2525 ἐμοὺς
1210 2445 1217 2463 ‘

66 2551 145 2634 pest
166 2540 302 2619 τούτους
321 2562 406 2608 nune
423 2547 500 2614 sunt
516 2541 635 2607 delete.
723 2556 727 2571 ¹

151 2644 255 2731 Multa
271 2642 428 2727 ejusmodi
448 2644 530 2710 vitia
551 2643 649 2708 etiem
670 2642 703 2707 in
726 2638 913 2729 particule
912 2643 968 2707 κιιὶ
983 2645 1052 2727 jem
1075 2649 1161 2708 sunt

66 2748 211 2834 metata,
232 2741 443 2833 velutitdd,
460 2743 523 2809 18.
542 2764 601 2830 pre
623 2767 679 2808 κοιι
671 2739 826 2830 Ομήρου
845 2763 929 2809 nunc
946 2746 1002 2808 κοιὶ
1020 2746 1076 2823 τῆς
1087 2742 1153 2827 ’.ομ

67 2845 160 2935 246,
182 2844 246 2914 67.
268 2864 327 2931 pro
347 2842 519 2910 teterrimi
541 2865 625 2912 nune
646 2840 1152 2930 αὐτοὶ6ο1οῐοροτῐιοο1ο256,
1193 2881 1195 2884 >

67 2946 157 3016 114.
185 2967 244 3034 pro
272 2950 328 3011 κοιὶ
354 2948 599 3026 ἐπιμεληθέντες
627 2965 711 3011 nune
737 2947 794 3009 καὶ
815 2947 924 3022 καλῶς
949 2952 1031 3029 dere.
1058 2943 1149 3026 264,
1210 2951 1212 2954 ⁴

68 3050 160 3118 116.
183 3067 242 3135 pro
263 3043 462 3125 erutriceum
475 3051 531 3112 κοιὶ
544 3044 628 3122 ὅπως
644 3055 846 3133 σωφρονοῖεν
861 3041 944 3112 nune
958 3049 1152 3125 διοικοῦντες

65 3158 171 3241 σωφρ.
186 3156 241 3216 est
253 3149 383 3216 editum.
426 3149 570 3213 Restant
589 3155 697 3213 tamen
718 3147 864 3212 alienon
885 3150 990 3213 minus
1007 3147 1153 3214 tollenda
1220 3140 1222 3144 ⁴

24 3240 31 3247 ’
66 3253 109 3321 ad
131 3270 217 3340 quae
238 3250 325 3316 teter
347 3246 437 3328 259,
462 3247 549 3312 136.
591 3247 639 3314 lbi
662 3248 799 3312 enimin
823 3249 952 3322 verbis:
974 3248 1152 3336 συμφορου-

66 3353 166 3430 τνὶτης
198 3346 301 3416 ἄποιοι
328 3359 398 3424 τοῖς
422 3360 596 3433 χρωμένοις
624 3349 681 3412 κιιὶ
708 3345 836 3426 ἡδίστης
868 3349 946 3414 Urb.
977 3354 1011 3415 et
1040 3350 1151 3416 Ambr.

66 3457 123 3520 καὶ
143 3461 214 3528 τοῖς
234 3471 336 3534 χρωμ.
362 3469 420 3534 pro
450 3459 518 3523 τοῖς
541 3472 644 3531 χρωμ.
674 3451 730 3513 καὶ
755 3450 921 3533 praebent.
977 3450 1062 3538 „Fit
1089 3469 1151 3515 au-

66 3563 134 3622 tem
168 3568 273 3636 saepe
300 3553 335 3614 ut
365 3549 561 3634 reipublicae
600 3549 701 3614 forme
736 3550 894 3636 quaedam
930 3553 1062 3637 ejusque
1097 3551 1151 3615 in-

65 3654 182 3720 stitute
218 3653 285 3717 sint
318 3649 515 3735 aequissima
548 3653 583 3713 et
611 3649 781 3734 optissima
815 3651 1025 3738 omnibusque
1060 3653 1151 3716 utiti-

65 3756 185 3839 ssime‚
219 3759 327 3837 neque
349 3757 457 3817 tamen
478 3750 520 3814 iis
527 3797 539 3836 ,
575 3749 628 3836 qui
655 3748 720 3820 iilis
742 3751 902 3817 institutis
929 3759 1069 3832 utuntur,
1091 3771 1151 3817 ac-

64 3859 165 3940 cepte
196 3858 231 3919 et
255 3858 368 3940 grate,
410 3858 444 3916 et
465 3850 526 3916 hee
547 3850 654 3936 ipsum
676 3850 841 3916 isocrates
862 3852 904 3918 ed
926 3852 1151 3920 Lacedaemo-

10 3976 14 3987 ·
61 3956 190 4021 diorum
220 3949 545 4019 institute'eiiudens
570 3949 624 4016 hie
652 3949 694 4017 de
717 3951 841 4018 Thesei
859 3955 1024 4019 'institutis
1051 3942 1165 4038 pree-⁴

60 4054 229 4122 dicaturus
250 4057 316 4118 est.
358 4050 563 4137 Superduum
584 4050 682 4116 etiem
709 4051 786 4116 eddi
814 4065 883 4131 τοῖς
906 4061 1082 4140 χρωμένοις
1108 4051 1152 4119 ed

59 4150 170 4221 ἅτινσι
190 4171 263 4221 eum
283 4170 403 4240 perse
424 4157 550 4242 pateat,
572 4150 660 4225 talia,
672 4151 821 4222 instituta
844 4152 938 4224 mede
954 4152 1081 4224 civibus
1096 4154 1152 4244 qui
