2580 4514
496 118 770 185 ...427-

87 292 126 372 ,et
147 291 227 373 ante
248 301 355 370 neque
377 289 454 370 post
473 279 525 348 ἀπ’
550 281 650 362 αὐτῆς
670 284 942 371 interpunxerim,
961 293 996 352 ut
1016 285 1182 353 sententia

90 386 233 455 irrisit:
255 386 294 451 in
315 384 557 452 Stoicorum
578 382 808 470 disciplina
826 388 1057 472 aenigmai.
1073 407 1104 455 a.
1127 407 1184 454 ras

90 487 260 574 explicatu
281 483 423 550 dillioilis
443 485 557 552 laetu
578 491 651 576 est
671 487 929 572 progressio,
957 506 1060 574 quae
1082 507 1185 573 pur-

89 606 181 657 vum
208 586 370 672 quidem
397 585 569 652 ultimae
589 583 728 678 [cetera
748 589 828 655 vitiu
849 582 1080 678 evanuerunt)
1105 589 1184 653 im·

88 688 345 777 prudentiae
374 687 580 772 relinquit
607 694 762 772 partem
783 681 933 779 (reliqua
954 689 1038 755 enim
1061 706 1121 774 per
1141 689 1197 755 il-·

85 789 155 859 lam
177 790 264 856 bene
285 795 411 854 remota
432 782 530 875 est),-
570 794 702 857 tamen
736 809 808 856 eos
836 791 904 876 qui
930 791 978 856 ab
1002 789 1200 856 omuibus

84 891 216 960 simul
237 889 361 956 animi
381 889 777 973 perturbationibus
799 894 843 957 et
864 890 1022 956 morbis
1051 906 1185 975 expe·

83 991 174 1061 diti
197 996 306 1072 sunt,
326 983 408 1078 (per
425 990 529 1074 ipsam
544 989 673 1057 ultimae
686 990 922 1076 imprudentiae
934 984 1083 1080 partem]
1104 1008 1185 1061 nou

84 1093 225 1162 minus
246 1091 437 1156 miseram
459 1091 585 1156 vitam
606 1091 808 1175 degentes
830 1087 1100 1179 fumiferum
1121 1092 1185 1178 qui

83 1192 213 1260 nullo
234 1211 478 1257 summorum
500 1193 689 1260 malorum
710 1199 804 1258 sunt
826 1193 1010 1258 liberati.
1053 1191 1185 1259 Stoicos

85 1297 183 1362 enim
205 1294 238 1358 in
260 1312 300 1358 eo
321 1292 468 1376 inprimis
488 1312 601 1358 errare
622 1280 718 1372 dioit,
762 1293 847 1381 quod
870 1298 1018 1358 statuant
1038 1312 1102 1359 uno
1123 1311 1184 1359 ex-

85 1401 191 1481 oepto
214 1394 373 1479 perlecto,
396 1394 429 1458 in
452 1413 514 1479 quo
536 1411 578 1459 ne
599 1394 728 1459 minima
749 1392 877 1480 quidem
898 1413 976 1479 pars
997 1393 1185 1480 impruden·

88 1497 161 1562 tiae
184 1495 309 1578 reliqua
329 1494 392 1574 sit,
436 1513 500 1560 una
527 1514 640 1561 omnes
654 1496 742 1560 vitio
764 1514 842 1563 esse
864 1495 1032 1578 subjectos
1046 1539 1060 1573 ,.
1099 1493 1183 1580 quod
1238 1556 1241 1565 .

86 1596 192 1683 igitur
213 1595 432 1661 tantummodo
455 1595 626 1683 optimum,
669 1614 733 1661 non
754 1600 861 1663 autem
883 1595 1050 1662 meliorem
1079 1595 1184 1660 homi-

90 1717 168 1765 nem
195 1717 217 1763 a
244 1695 328 1762 malo
356 1696 563 1781 improboque
592 1695 792 1770 disoemant.
836 1696 945 1764 Verba
965 1691 1082 1782 μικρὸν
1102 1693 1184 1761 ἀπο-

90 1800 250 1867 λείπουσα
271 1793 409 1875 ἐσχάτης
429 1793 617 1882 ἀφροσύνης
638 1802 749 1863 autem
767 1796 938 1882 Xylander
959 1792 1049 1861 male
1063 1795 1111 1878 ita
1131 1803 1186 1863 est
1224 1880 1228 1889 ι
1284 1882 1286 1887 s

92 1899 350 1983 interpretatus:
394 1917 480 1963 oum
503 1899 553 1963 ab
575 1905 759 1963 extrema
780 1898 995 1980 dementia
1023 1897 1186 1980 exigue

92 2001 233 2067 distet
253 1998 504 2076 intervallo,
532 1999 864 2084 Wyttenbaulrinsin
887 1997 1047 2068 vertendo
1069 1998 1185 2063 omisit.

92 2102 161 2168 Pro
174 2101 494 2190 κακοδαιμονοῦντας
510 2099 603 2165 valo.
614 2101 713 2165 habet
726 2099 983 2181 κακοδαιμονῶν
992 2087 1071 2165 ὦτα.
1097 2096 1133 2167 C.
1143 2098 1185 2167 V.
1266 2116 1272 2137 ¹

95 2202 162 2268 77.
181 2202 212 2268 d.
235 2203 268 2267 in
289 2201 416 2268 verbis:
443 2196 561 2282 Τούτῳ
583 2198 622 2278 δὴ
637 2200 719 2281 ὁμοῦ
738 2224 770 2264 τι
785 2196 908 2265 ταύτὸν
920 2204 1021 2277 ἐστιν,
1043 2199 1133 2267 Vutc.
1150 2205 1186 2266 et

94 2304 201 2388 Bong.
218 2303 339 2368 rectius
355 2321 414 2386 pro
427 2297 466 2378 δὴ
479 2299 695 2385 praebentur,
713 2300 796 2386 quod
812 2300 891 2365 tuin
905 2295 935 2364 δ’
956 2307 1054 2366 mula.
1085 2299 1124 2365 G.
1143 2300 1185 2365 X.

94 2402 163 2471 81.
178 2422 208 2468 a.
220 2405 254 2468 ln
268 2403 399 2468 verbisz
422 2398 499 2484 πρὸς
515 2403 641 2486 φίλημα
658 2401 771 2479 καλου,
787 2397 930 2478 ἢκαλης,
942 2397 1185 2481 διαμαχηοοὶμε-

94 2530 155 2572 νον
171 2505 279 2571 hiatus
301 2501 429 2569 videtur
451 2501 606 2568 serendus
620 2519 708 2567 esse.
745 2499 882 2565 Videtur
893 2500 978 2569 euim
997 2499 1058 2565 hoo
1073 2519 1117 2565 ex
1132 2499 1186 2565 hi-

96 2607 202 2673 storia
214 2606 321 2690 aliqua
342 2605 384 2671 de
399 2604 555 2690 Agesilao
572 2608 704 2669 narrata
719 2608 753 2668 et
766 2601 924 2669 communi
935 2619 1088 2695 sermone
1102 2601 1186 2666 satis

96 2709 178 2774 trita
191 2706 471 2771 desumtnmesse.
516 2700 553 2771 0.
567 2705 626 2770 Xl.
641 2702 706 2770 82.
725 2704 755 2768 d.
779 2702 821 2768 ud
844 2703 965 2767 verbaz
984 2697 1099 2784 χάριεν
1119 2698 1184 2787 γὰρ

95 2805 136 2875 τὸ
157 2809 217 2872 τοῦ
238 2809 413 2890 Διογένους
433 2802 512 2889 πρός
532 2829 606 2871 τινα
617 2809 788 2870 νεανίσκου
799 2801 953 2889 doberto
968 2809 1002 2866 ἐν
1012 2805 1186 2886 καπηλείῳ,

95 2904 336 2994 καταφυγόντα
368 2906 399 2970 δ’
425 2912 469 2983 εἰς
497 2904 535 2971 τὸ
564 2909 758 2984 καπηλεῖον·
801 2903 1077 2988 wyttenbachius
1106 2904 1189 2970 haec

94 3010 294 3094 adscripsit:
337 3005 406 3093 „Si
425 3009 580 3092 seriptum
603 3012 696 3073 esset
716 3001 953 3090 καταφυγόντα
974 3001 1005 3068 6⁰
1029 2995 1105 3070 οίσα
1126 3006 1188 3070 τοῦ

95 3111 273 3186 καπηλείου
294 3110 349 3175 vel
373 3106 526 3195 ὀφθέντα
547 3105 625 3191 πρὸς
647 3108 810 3188 καπηλείῳ
830 3105 880 3171 nil
896 3111 970 3172 erat
991 3105 1077 3191 quod
1092 3117 1189 3192 quem

96 3211 287 3279 offenderet
330 3210 427 3275 Nune
447 3210 478 3274 si
498 3208 663 3293 vrdgatam
691 3208 776 3287 lueri
802 3207 961 3295 velimus,
989 3206 1080 3293 prius
1108 3205 1189 3275 illud

95 3319 133 3379 dv
154 3333 231 3377 καπ.
254 3309 477 3396 accipiendum
499 3311 561 3375 erit
584 3328 641 3395 pro
661 3307 743 3394 πρὸς
762 3330 859 3396 παπ,
899 3327 961 3375 noo
987 3314 1097 3375 tumen
1124 3328 1188 3394 ego

95 3414 195 3479 facile
216 3413 305 3479 illum
326 3433 418 3477 usum
441 3410 513 3475 lruio
535 3411 606 3476 loon
627 3411 861 3490 accomodemp
887 3429 952 3476 neo
971 3410 1060 3495 prius
1081 3433 1188 3487 καπη-

97 3518 186 3580 λεῖον
222 3509 306 3604 (imo
341 3513 448 3597 potius
479 3508 666 3600 posterius)
697 3519 814 3577 mutem
852 3514 886 3577 iu
912 3506 1087 3591 κατάγειον
1118 3528 1189 3574 erun

98 3616 238 3683 Reislrio
268 3611 345 3704 (qui
365 3620 537 3698 praeterea
558 3613 657 3677 etium
679 3617 723 3686 είς
744 3609 782 3675 τὸ
804 3620 987 3694 ααγειηοῖον
1009 3611 1065 3676 vel
1086 3607 1192 3674 ὀπτα-

98 3727 187 3782 νεῖον
208 3721 264 3781 aut
292 3720 337 3788 είς
363 3711 421 3790 τὴν
449 3710 616 3777 καταίνπα
641 3707 814 3800 conjecit).
822 3710 847 3749 ‘⁶
874 3712 1060 3796 wyttenb.
1093 3710 1192 3792 igilur·

98 3817 240 3901 conjecit
261 3822 336 3879 εἵσω
355 3817 413 3878 τοὺ
434 3816 617 3891 καπηλείου.
662 3814 709 3876 At
725 3830 792 3897 ego·
807 3814 912 3878 locum
926 3814 975 3877 sio
986 3809 1188 3895 scripserint

97 3916 253 4004 ὀφθέντα
264 3918 321 3996 μὲν
343 3924 376 3980 ἐν
397 3937 487 3991 καπ,
509 3911 745 4003 καταφυγόντα
767 3910 795 3976 d⁰
813 3920 888 3977 οἴσω
902 3914 1086 3988 καπηλείου.
1122 3909 1192 3974 Ar·-

99 4019 219 4084 ticulus
233 4019 319 4082 enirn
331 4024 422 4082 reete
438 4017 537 4099 ellam
558 4016 711 4081 inaltero
723 4016 806 4091 loco,
831 4015 874 4078 uti
889 4013 921 4076 in
938 4014 1055 4096 priore,
1074 4010 1189 4081 aierit.
