2580 4514
464 133 738 201 -171-

56 303 121 369 hac
143 297 271 388 quidem
292 299 327 372 in
348 299 496 367 oratione
517 299 625 368 hiatus
655 305 708 366 est
735 299 905 366 admissus.
946 292 1147 399 Depreheoss·

58 403 122 470 des
144 403 245 480 enim,
274 403 304 466 si
320 400 475 484 judicium
497 419 541 466 ex
562 401 721 468 Isocratis
742 398 870 466 dicendi
891 401 1039 468 oratione
1061 403 1148 468 tula-

61 505 109 571 ris
130 510 167 570 et
188 522 249 570 eos
271 504 368 569 etiam
390 501 687 571 commemorandos
708 520 785 568 esse
807 501 941 569 duxeris
954 501 1075 590 hiatus,
1096 503 1150 588 qui

57 606 260 692 apostrophe
283 606 350 670 sint
371 603 525 683 tollendi,
568 605 645 670 hos:
690 600 753 669 78.
772 599 904 688 γράψαι
925 600 983 683 ἂν,
1025 605 1150 690 quain

61 706 222 792 particula
243 707 340 781 etiam
363 706 397 773 in
411 705 559 770 lsocrate
581 705 740 771 vocalium
762 723 950 770 concursum
972 705 1076 771 miuus
1098 705 1151 770 os·

61 807 200 873 tendere
221 825 321 892 snpra
343 806 482 872 ostendi.
526 807 662 873 Poterat
685 813 792 872 tamen
815 803 857 871 ἂν
877 805 931 871 hic
953 806 1067 872 eodem
1077 808 1152 890 jura
1266 833 1271 840 ·

58 909 201 986 abesse,
224 928 286 997 quo
307 908 340 974 in
362 907 492 993 verbis,
514 927 596 994 quae
617 907 837 994 praecedunt:
856 904 1155 994 χρήσασθαι-καὶ

59 1006 339 1087 ἀκολουθῆσαι-
353 1007 427 1074 οὔτε
455 1006 862 1096 parrumipiane-auum
883 1007 986 1073 abest.
1029 1008 1076 1072 lb.
1108 1010 1151 1073 cde

60 1107 189 1178 αὐτῶν..
202 1107 267 1176 79.
289 1104 324 1175 dd
340 1107 446 1177 αὑτὸν,
467 1107 555 1199 (scr.
578 1107 631 1200 δ’)
648 1148 686 1159 -
700 1134 734 1174 ra
756 1113 894 1174 ἔσονται.
916 1144 954 1154 -
977 1097 1064 1192 τογ’).
1088 1105 1150 1174 81.

53 1217 97 1279 Κτέ
116 1217 221 1289 ἐστιν,
243 1211 358 1297 quihus
380 1212 414 1276 in
435 1211 518 1276 locis
539 1209 570 1274 τ’
597 1211 722 1298 scribe,
745 1211 792 1274 uti
817 1206 881 1274 90.
903 1206 934 1273 r’
959 1198 1044 1291 uiam
1065 1210 1150 1294 legi-

61 1317 122 1377 tur.
145 1309 212 1377 81.
239 1313 297 1376 τοῦ
326 1307 455 1386 ὕδατος.
487 1310 552 1377 82.
582 1308 663 1376 ὥστε
691 1308 785 1376 ὁπότε
813 1308 899 1401 (scr.
928 1305 1057 1399 dua').
1088 1308 1151 1376 82.

62 1417 172 1477 autem
194 1409 303 1498 κύριοί
321 1417 402 1477 εἰσιν
424 1429 626 1499 nequaquam
647 1432 668 1479 a
689 1413 850 1498 scriptore
874 1411 1049 1496 proiectum
1070 1427 1150 1478 esse

62 1513 254 1578 censuerim·
309 1513 469 1578 Fortasse
494 1515 650 1599 scriptum
677 1520 749 1580 crat
777 1508 986 1595 κυριεύουσιν.
1023 1509 1086 1577 83.
1117 1513 1152 1577 δὲ

61 1614 150 1678 ἐστὶν
171 1609 258 1696 [ser.
279 1608 502 1701 ‹ij-dquam
519 1621 554 1679 ἐν
575 1611 661 1705 (scr.
683 1609 826 1703 ἔχοντ’).
848 1611 914 1700 85.
938 1613 972 1677 δὲ
993 1610 1168 1694 ὀνόμασιν.

61 1708 637 1805 (εοῐ.,ὁ”)-οάιριβῆ.1ἐνθυμήματα.
661 1713 725 1780 87.
746 1717 803 1780 καὶ
815 1713 959 1800 ἄφωνον,
980 1714 1035 1778 ubi
1047 1714 1152 1779 Reis-
1220 1782 1224 1786 ,

60 1812 137 1878 hius
160 1814 244 1880 bene
265 1815 403 1897 conjecit
424 1817 480 1880 καὶ
504 1812 688 1901 διάφωνον,
732 1821 822 1881 certe
844 1814 977 1902 ᾆφωνον
998 1815 1064 1899 legi
1086 1829 1152 1881 non

60 1920 182 2000 potest
226 1913 293 1980 Est
314 1915 398 1981 euim
419 1916 579 1987 hicidem
599 1916 790 2004 dicendum,
827 1916 911 2002 qnod
934 1915 1030 2001 paulo
1052 1935 1152 2002 supra
1226 1953 1228 1960 ν

61 2035 122 2100 per
144 2012 319 2097 ἀνώμαλον
340 2022 617 2103 estexpressum.
668 2018 715 2082 lh.
739 2038 797 2103 pro
819 2020 924 2097 ἔχοιμι
946 2012 1043 2102 ἥνπερ
1066 2017 1150 2103 (quod

62 2115 182 2182 Baldo>
196 2118 410 2184 aucturam.
434 2115 472 2183 C.
495 2119 614 2206 edidit,
643 2119 743 2203 vulgo
765 2121 908 2198 ἔχοιμεν,
937 2113 1033 2204 ἥνπερ
1055 2119 1150 2202 lege·

61 2217 157 2284 batur
185 2218 281 2305 idque
307 2219 440 2285 rectius.
498 2220 584 2285 Nam
612 2228 721 2286 orator
749 2219 791 2284 de
820 2238 860 2283 eo
888 2219 1044 2305 loquitur,
1076 2218 1152 2304 quid

62 2321 210 2386 omnibus
233 2319 411 2386 hominibus
432 2321 636 2386 sentiendum
657 2322 701 2384 sit
723 2319 920 2403 descriptis
942 2319 1154 2408 orationihus,

61 2440 168 2506 neque
190 2422 291 2486 solum
314 2423 386 2486 sibi.
430 2423 540 2505 Atque
562 2421 594 2485 in
617 2421 735 2486 ultimis
757 2416 883 2486 verbis:
907 2425 941 2484 dr
961 2421 1078 2502 uarduqi
1093 2424 1155 2486 aab

62 2529 213 2606 παρέργῳ
240 2518 462 2604 ἐπιμελόμενος
488 2521 675 2606 scripserim
702 2527 866 2608 παρέργως
894 2521 913 2583 i.
943 2538 972 2585 e.
1004 2521 1150 2587 obiter.

62 2621 145 2688 Inde
166 2629 275 2687 autem
296 2623 389 2688 simul
408 2623 595 2708 apparebit,
618 2611 846 2707 Spengenum',
867 2621 919 2705 qui
936 2620 957 2686 l.
973 2620 994 2683 l.
1011 2641 1041 2705 p.
1062 2619 1176 2687 179<

64 2721 279 2798 contenderit,
301 2723 364 2789 hac
384 2725 416 2789 in
439 2724 586 2791 oratioue
608 2723 738 2788 dicendi
760 2741 864 2806 genus
887 2720 1052 2786 diversum
1072 2741 1155 2790 esse-

63 2822 358 2891 abostentationis
378 2845 519 2909 genere,
543 2843 684 2890 errasse.
731 2825 770 2890 Si
793 2825 877 2889 enim
898 2822 1072 2888 discrimen
1094 2845 1152 2890 es-

63 2929 142 3010 set,
184 2923 219 2991 id
250 2923 397 3008 inprimis
430 2927 464 2990 in
495 2927 618 2992 minore
651 2945 728 2991 cura
761 2926 899 3012 positum
927 2930 1041 3014 esset,
1084 2944 1157 3012 quo

65 3024 129 3091 hac
166 3026 269 3091 oratio
301 3030 394 3091 esset
426 3029 593 3115 expolita,
634 3034 810 3113 propterea
844 3025 927 3112 qnod
962 3026 1152 3092 ostentandi

61 3125 170 3210 gratia
191 3126 333 3211 scriptae
356 3129 518 3195 orationes
540 3149 665 3195 summa
687 3128 855 3213 diligentia
873 3127 1059 3206 elaboratae
1074 3146 1159 3194 esse

63 3225 224 3311 solebant
267 3229 314 3290 At
335 3247 444 3294 nonne
465 3231 498 3294 iu
521 3250 560 3295 eo
582 3231 655 3316 ipso
683 3250 802 3314 magna
835 3227 978 3295 cernitur
1010 3228 1153 3312 diligen-

64 3328 131 3413 tia,
167 3326 250 3412 quod
273 3329 381 3393 hiatus
403 3340 466 3396 tam
489 3335 588 3396 anxie
612 3339 665 3397 est
694 3322 866 3397 evitatus?
910 3330 985 3395 Huc
1013 3331 1155 3420 accedit,

64 3427 151 3513 quod
172 3428 328 3521 isocratis
351 3433 515 3498 orationes
537 3433 569 3496 in
592 3431 787 3518 Sophistas‚
820 3433 969 3516 Helenae
992 3431 1153 3518 Laudatio

64 3533 100 3594 et
120 3527 250 3594 Busiris
272 3533 387 3599 similis
408 3539 484 3598 sunt
504 3535 712 3622 argumenti,
753 3552 860 3620 neque
888 3539 996 3597 tamen
1024 3532 1152 3600 dicendi

63 3645 189 3712 genere
220 3634 384 3698 arcteris
405 3634 562 3699 recedunt
584 3635 781 3700 orationibus
810 3634 955 3719 publicis.
1000 3632 1093 3715 Quod
1121 3635 1152 3701 si

64 3728 127 3795 hoc
149 3749 276 3816 quoque
298 3733 333 3798 in
356 3736 501 3801 oratione
522 3735 642 3801 tactum
663 3755 742 3802 esse
764 3734 942 3801 verisimile
971 3743 1039 3822 est,
1077 3737 1152 3819 jure

62 3831 228 3908 unramur,
249 3833 335 3918 quod
356 3853 398 3901 ne
419 3824 742 3923 vestigium‘quidem
764 3856 872 3902 eorum
894 3835 1045 3919 vitiorqm
1067 3857 1150 3922 quae

62 3932 267 3999 Aristoteles
287 3934 309 3998 l.
325 3935 379 4000 all.
394 3936 427 4002 in
441 3936 668 4006 Alcidamanta
689 3937 913 4025 reprehendit,
935 3937 1150 4024 deprehendi-

62 4038 124 4098 tur.
166 4034 287 4119 Neque
308 4029 435 4104 omnino
457 4037 611 4106 credibile
632 4045 703 4117 cst,
726 4059 765 4106 eo
788 4048 950 4124 tempore,
972 4059 1035 4124 quo
1059 4041 1153 4105 Alci·
1204 4031 1205 4034 '
