2564 4508
560 125 837 190 -lts-

161 296 284 379 ceptis,
305 300 372 361 lam
394 294 585 380 frequentes
606 312 701 379 quam
723 292 776 358 hic
795 298 874 358 sunt
886 338 896 373 ,
923 292 1025 361 valde
1047 310 1172 380 augere
1189 314 1241 381 po·
1281 357 1282 360 ,

158 400 310 476 tuissem,
331 396 394 461 hoc
415 396 549 480 primum
571 394 712 479 patebit,
742 413 801 459 eos
822 413 1027 481 nequaquam
1046 414 1094 463 ex
1116 396 1238 469 solnh-
1266 369 1282 435 Ι

159 501 335 565 hrariorum
357 497 480 561 incuria
502 496 665 581 profectos
686 512 766 559 esse
789 514 898 579 posse.
926 496 990 562 Ubi
1011 496 1101 563 enim
1122 516 1167 565 ex
1180 504 1235 565 loir
1265 477 1282 538 Ι

158 600 315 665 orationis
336 598 589 663 conformatione
616 596 651 661 in
676 614 801 681 quaque
829 597 996 662 sententia
1028 592 1187 683 apparet,
1220 618 1237 665 r
1264 557 1282 638 Ῑ

159 703 320 785 scriptore
342 699 464 763 hiatum
485 718 551 763 non
572 716 651 763 esse
680 698 860 783 evitatum,
903 697 947 762 ihi
979 697 1022 764 de
1049 699 1236 765 lectionem
1278 759 1282 774 .

159 802 298 884 singulis
327 798 516 883 quibusdam
543 798 625 863 locis
652 799 777 882 poteris
808 797 937 883 quidem
969 798 1143 887 dubitare,
1185 800 1237 867 sel
1272 779 1282 838 ¹

158 905 346 969 uuiversum
367 900 481 965 librum
502 900 631 965 etiamsi
653 898 815 965 Hercules
836 917 956 979 esses,
989 900 1140 967 omnihus
1160 904 1236 987 cjm-
1274 879 1282 918 ¹

159 1004 243 1069 modi
265 1002 355 1067 vitiis
377 1018 579 1087 nequaquam
602 1000 763 1084 purgabis.
798 996 1049 1067 Concedeudum
1071 1001 1170 1085 igitur
1185 1002 1237 1069 erit
1277 977 1282 1044 Ι

158 1106 348 1188 scriptorem
370 1102 466 1186 hujus
487 1101 560 1165 libri
581 1100 702 1165 hiatum
716 1100 845 1165 minime
860 1118 1006 1165 curasse.
1048 1100 1166 1167 floosi
1181 1108 1237 1187 esi,

158 1205 342 1292 quaeritur,
379 1218 535 1286 quaenam
557 1201 652 1284 hujus
673 1201 722 1266 rei
743 1201 808 1265 sint
829 1220 950 1267 causae
971 1202 1005 1265 in
1033 1200 1133 1289 libro,
1159 1206 1238 1287 cnjm

159 1311 272 1371 auctor
292 1301 490 1369 Plutarchus
512 1301 614 1366 fuisse
635 1300 775 1385 dicitur,
810 1302 864 1385 qui
885 1301 918 1365 in
939 1302 1014 1367 aliis
1036 1302 1175 1389 seriptis
1192 1322 1239 1369 eu·
1280 1345 1282 1418 l

158 1425 225 1470 ram
249 1405 310 1468 hac
330 1404 365 1467 in
387 1419 424 1466 re
445 1402 586 1487 positam
607 1419 687 1485 prae
709 1419 749 1465 sc
779 1401 851 1465 lert.
892 1402 979 1467 Num
1001 1404 1139 1485 juvenis
1165 1406 1239 1469 honr
1280 1427 1282 1454 2

159 1507 270 1571 librum
298 1503 422 1589 edidit,
464 1503 649 1587 priusquam
679 1500 722 1565 ad
750 1500 873 1564 hiatum
893 1502 1076 1569 adtendere
1097 1495 1238 1573 soleretl
1276 1583 1281 1589 Ι

159 1607 206 1670 At
226 1607 260 1669 in
281 1605 362 1668 libro
387 1604 460 1688 ipso
482 1603 527 1667 nil
544 1600 709 1685 juvenile,
730 1619 836 1685 neque
857 1602 1026 1669 luxurians
1047 1604 1164 1689 dictio,
1181 1626 1239 1673 ne·

41 1739 43 1745 .
159 1718 221 1786 que
244 1698 425 1783 sophistica
446 1709 481 1762 et
503 1722 524 1768 a
545 1701 658 1767 schola
679 1718 798 1767 recens
818 1702 986 1785 cogitandi
1006 1705 1104 1785 ratio,
1124 1707 1241 1795 qualern
1277 1771 1281 1779 .

159 1816 189 1862 e.
212 1820 244 1881 g.
265 1797 299 1860 in
320 1797 520 1861 orationibus
542 1801 584 1860 dc
598 1799 780 1865 Alexandri
802 1801 925 1865 virtute
944 1803 1020 1867 sive
1041 1806 1172 1873 fortuna
1189 1806 1240 1873 de·
1277 1808 1280 1813 ’

160 1895 405 1985 prehendimus,
426 1896 595 1981 reperitur.
640 1895 713 1973 Huc
735 1901 873 1981 accedit,
896 1902 981 1986 quod
1001 1921 1024 1966 a
1044 1904 1129 1969 viris
1143 1906 1244 1971 doctis

159 1999 233 2065 aliis
253 1995 297 2060 de
318 1995 428 2063 causis
450 1990 502 2058 hic
524 1995 607 2060 liber
629 2004 705 2081 post
726 1996 960 2063 Demosthenis
981 2000 1085 2069 vitan
1106 2004 1142 2069 iu
1170 2004 1247 2071 viris

160 2101 301 2184 scriptus
329 2103 366 2161 et
392 2093 501 2162 editas
527 2114 605 2161 esso
633 2096 760 2161 dicitur.
803 2097 843 2161 V·
870 2098 1122 2167 Westarmanni
1153 2100 1248 2169 Com-

159 2206 257 2266 ment.
281 2199 323 2263 de
345 2203 479 2263 auctore
501 2200 536 2261 et
557 2197 705 2261 auctorit.
727 2197 780 2262 lib.
804 2197 858 2283 qui
888 2198 1019 2265 inscrib.
1063 2200 1164 2269 Vitae
1191 2204 1249 2271 ‹le-

159 2320 228 2367 cem
251 2286 466 2365 oratorum‘in
488 2296 572 2362 Plut.
592 2298 667 2362 vitt.
688 2297 730 2362 X.
753 2310 834 2363 orat.
856 2295 1030 2379 Quedlinh.
1064 2298 1184 2369 18113.
1209 2303 1249 2371 dr

159 2402 273 2468 eodem
294 2401 367 2467 viro
387 2397 478 2464 edito
499 2419 530 2484 p.
556 2397 616 2463 111.
645 2404 680 2463 et
713 2396 1072 2491 requisiturae
1098 2403 1272 2489 sompnia·

158 2503 278 2582 „Vitas
315 2501 430 2566 dacem
457 2506 619 2564 oratorum
658 2488 1009 2583 aetate‘provectiore
1037 2500 1248 2577 Plutarchum

158 2602 370 2687 congessisse
395 2602 463 2684 Jam
484 2620 528 2665 ex
556 2600 699 2684 ipsarum
729 2604 833 2665 iorma
865 2599 1026 2687 colligas3
1067 2606 1250 2687 nonenim

158 2703 328 2789 dispicitur
350 2702 425 2787 quid
445 2721 521 2767 eum
541 2701 731 2778 adduxerit,
775 2706 811 2764 ut
838 2720 920 2786 opus
940 2720 1057 2786 magna
1078 2702 1249 2789 diligentia

158 2806 340 2870 inchoatum
363 2803 625 2888 semiperfectum
646 2801 852 2885 relinqueret.
897 2796 1019 2866 Contra
1040 2802 1248 2873 Demosthe·

159 2908 209 2970 nis
231 2905 342 2991 vitam,
363 2922 446 2988 qaue
467 2903 587 2987 legitur
608 2905 640 2966 in
663 2901 831 2986 parallelis
853 2897 948 2991 (soil.
969 2898 1074 2994 vitis)
1094 2924 1125 2971 c.
1152 2904 1189 2973 3.
1210 2924 1249 2973 se

159 3007 263 3090 ipsum
286 3005 333 3070 ait
352 3004 530 3089 scripsisse
551 3009 584 3067 ta
606 3005 651 3086 τῷ
672 3005 789 3087 βιβλίῳ
809 3000 916 3085 τούτῳ
943 3004 1007 3067 τῶν
1034 3004 1250 3091 παραλλήλων

159 3104 227 3170 ὄντι
248 3110 389 3187 πέμπτῳ.
430 3105 527 3171 Licet
548 3110 655 3169 autem
678 3124 739 3188 quo
762 3109 908 3191 tempore
922 3104 1050 3170 omniuo
1065 3106 1159 3175 vitas
1173 3126 1250 3193 par·

158 3205 274 3272 allelas
303 3206 473 3289 scripserit
505 3205 546 3269 ad
568 3205 720 3291 liquidum
745 3206 995 3290 confessumque
1023 3204 1160 3290 perduci
1187 3226 1249 3273 ue-

159 3311 257 3389 queat
278 3300 377 3394 (vid.
390 3306 432 3371 A.
446 3306 532 3370 Lion
554 3305 596 3371 de
618 3304 731 3370 ordine
754 3323 817 3389 quo
839 3304 1035 3371 Plutarchus
1055 3307 1148 3373 vitas
1168 3304 1251 3373 arri·

159 3407 275 3490 psorit,
296 3404 444 3492 Gdtting.
468 3403 583 3471 1829.
604 3403 641 3469 4.
664 3426 697 3490 p.
726 3402 784 3469 19.
805 3402 891 3492 sq),
914 3410 1024 3473 tamen
1044 3402 1250 3477 Demosthe·

158 3507 210 3571 nis
233 3513 266 3570 et
289 3504 458 3572 Ciceronis
480 3507 580 3586 vitas,
603 3525 697 3590 quum
718 3523 848 3572 numero
870 3504 1030 3573 xxvffl.
1053 3506 1165 3575 adhuc
1184 3526 1249 3577 exr-

158 3612 260 3692 stent,
283 3609 368 3673 aliae
390 3612 589 3673 vetustatem
613 3624 677 3670 non
698 3605 847 3688 tulerint,
867 3624 933 3670 uon
954 3606 1055 3672 multo
1074 3614 1248 3695 postquam

157 3706 261 3771 Roma
301 3707 455 3773 subsidiis
485 3706 684 3772 necessariis
721 3706 992 3772 instructissimus
1020 3706 1249 3777 Chaeroneam

157 3807 354 3872 revertisset
367 3803 473 3897 (Plut.
498 3808 553 3872 vit
572 3805 665 3872 Bam.
682 3827 711 3871 c.
725 3801 786 3893 a.)
807 3806 979 3891 scripserit
999 3826 1146 3879 necesse
1166 3816 1252 3879 est-‘¹

159 3908 228 3972 Fac
249 3913 367 3996 autem,
389 3907 474 3993 quod
496 3927 560 3974 non
582 3907 817 3986 concesserim,
835 3907 969 3990 juvenis
991 3909 1170 3995 scripserit
1189 3912 1253 3981 lm

158 4007 198 4071 X.
214 4013 312 4074 oratt.
325 4008 425 4095 vitas,
440 4014 549 4076 mmen
564 4007 675 4072 mirum
688 4012 751 4085 est,
763 4008 848 4091 quod
862 4007 945 4075 alios
956 4010 1056 4077 multo
1067 4014 1254 4107 apertius·
