2580 4514
478 231 753 295 -7-

64 405 279 488 φωνηέντων,
296 393 386 464 ἀλλὰ
405 405 576 478 ουνεχοιτο
596 397 767 467 πάντοθεν
786 405 857 476 τοῖς
861 395 1078 494 συμφώνως,
1100 398 1157 468 οἶά

65 508 141 568 ἐστι
158 501 265 566 ναὶ
238 496 282 565 τά
299 495 521 618 Ἰσοκράτους,
557 523 596 569 ου
616 523 653 584 γε
676 498 716 567 οὐ
734 497 836 584 μόνον
855 496 899 565 τά
920 501 1010 566 μάλα
1025 507 1156 580 συνέχε-
1160 508 1178 525 ”
1204 504 1206 511 ’

67 625 124 669 ται
143 610 218 680 τοϊς
237 596 446 728 συμφώνως,
444 596 537 667 άλλά
556 601 614 666 καὶ
634 601 697 678 πᾶς
718 599 737 667 ὁ
757 597 866 686 λόγος·
887 601 1044 666 τοσοῦτον
1065 599 1155 686 αὐτῷ

68 706 125 783 τῆς
145 699 309 790 εὐφωνιας
328 703 386 767 παὶ
405 725 466 766 του
450 698 625 778 πά”λλους
644 704 799 784 μεμέληκε
804 751 816 793 ,
850 701 1017 769 collatis'
1007 701 1050 766 ris
1071 717 1155 789 qnae

67 805 101 870 in
122 800 304 870 Siceliotae
326 797 505 871 comment.
532 800 575 868 ad
605 800 758 890 Hermog.
785 800 870 891 apnrl
893 801 1004 869 Waln.
1033 801 1073 866 Τ.
1097 801 1156 890 Vl,
1276 876 1282 899 Ι

72 902 162 972 163.
183 904 339 990 le'gnntnr.
371 903 617 969 ·At1socrates
646 903 719 990 ipsc
745 902 806 970 hoc
834 910 1057 990 praecepisse.
1072 901 1157 970 dici·

31 1056 33 1062 .
68 1014 142 1094 tnr,
158 1005 207 1071 nti
227 1011 293 1071 tum
315 1003 481 1088 Longinus
500 1003 674 1070 memoriae
695 1004 829 1072 tradidit
850 1004 892 1073 de
912 1003 1101 1071 inventione
1122 1023 1155 1090 p.

67 1105 163 1173 113.
184 1124 239 1193 ap.
260 1104 373 1170 Waln.
396 1104 436 1170 Τ.
458 1103 517 1170 lX.
539 1124 571 1191 p.
593 1101 684 1170 566.
707 1106 765 1178 his,
787 1106 914 1174 verbisr
943 1101 1156 1192 concrepator

10 1250 12 1257 .
65 1211 102 1277 ὃς
122 1206 200 1275 οὐδὲ
218 1208 283 1272 τῶν
300 1203 506 1294 Ἰσοκράτους
536 1203 813 1290 παραγγελμάτων
839 1208 1071 1293 ἐντρέπεσθαι,
1091 1221 1095 1234 ·
1112 1203 1156 1290 μὴ
1193 1282 1195 1291 Α
1278 1272 1282 1281 ,

10 1352 12 1361 =
65 1305 240 1398 τραχύνειν
259 1305 318 1373 τὸν
338 1303 437 1388 λόγω
457 1305 498 1388 τῇ
518 1306 703 1390 παραθέσει
723 1310 789 1374 παὶ7
807 1309 977 1392 συμπλοκῇ
1002 1309 1068 1372 τῶν
1094 1330 1154 1372 τια-

64 1511 167 1596 λόγον
188 1508 251 1588 οὐχ
270 1504 390 1590 ὁμοίως
409 1510 620 1592 ουνυφαινειν
647 1511 772 1588 ἔοικεν,
815 1506 891 1574 οὔτε
916 1511 1006 1583 λείως
1036 1512 1154 1574 τεκαὶ

61 1611 253 1687 ἀπταίστως
272 1614 318 1686 εἰς
338 1605 396 1687 τὴν
417 1604 521 1686 ἀκοὴν
541 1609 703 1696 παρίησιν,
725 1607 799 1676 ἀλλ’
817 1602 1075 1694 ’ἐπιλαμβάνεται
1094 1610 1154 1674 τοῦ

10 1690 13 1717 Ι
61 1710 242 1796 πνεύμονος
262 1712 320 1777 καὶ
340 1711 463 1786 ἐπίσχει
483 1704 522 1771 τὸ
543 1710 667 1791 πνεῦμα
688 1712 886 1800 τῆςφωνῆς.
914 1706 1152 1796 tunnSpenge.

62 1815 161 1882 lins
151 1834 186 1881 rn
206 1813 305 1878 libro:
335 1830 497 1891 συναγωγ.
520 1831 603 1888 τεχν.
624 1810 839 1898 inscriptop.
865 1808 953 1877 161.
980 1829 1028 1876 ex
1050 1809 1151 1877 sclro-

61 1906 169 2001 liasta
188 1916 412 1999 Anonymop.
427 1905 527 1975 386.
550 1917 586 1976 nt
607 1930 651 1980 ex
667 1914 746 2007 ipsa
767 1913 925 1979 Isocratis
946 1917 1020 1978 arte
1040 1916 1151 1978 affert:

61 2020 119 2084 δεῖ
135 2017 176 2101 τῇ
197 2017 254 2098 μεν
274 2010 355 2093 λέξει
375 2007 418 2078 τά
439 2006 609 2098 φωνήεντα
628 2012 673 2096 μὴ
696 2018 927 2097 συνεμπίπτειν.

149 2117 279 2182 Primus
299 2118 408 2180 autern
428 2109 535 2178 editor
563 2115 619 2200 qni
645 2116 785 2181 animum
813 2115 856 2181 ed
882 2115 967 2181 hunc
995 2113 1153 2181 lsocratis

10 2256 14 2273 ·
58 2238 158 2286 nsnrn
178 2215 377 2294 attenderet,
399 2213 528 2280 exstitit
549 2214 685 2283 Hieron.
708 2215 863 2304 Wolfins‚
884 2218 937 2304 qui
959 2223 1050 2283 certe
1070 2235 1154 2302 apo-

60 2319 211 2406 strophis
231 2317 432 2403 frequentius
452 2314 605 2380 utebatur
624 2335 718 2401 quarn
739 2317 773 2382 in
794 2316 1028 2404 antiquioribus
1039 2335 1152 2383 exenn-

61 2419 130 2508 plis
156 2419 288 2486 fectum-
303 2424 397 2502 erat,
440 2415 475 2482 id
500 2417 586 2504 qnod
613 2417 840 2505 Bergmannns
874 2418 908 2483 in
938 2418 1076 2504 praelat.
1109 2417 1151 2482 ad

60 2524 189 2606 Areop.
218 2540 248 2605 p.
271 2519 331 2585 xl.
360 2536 483 2602 negare
510 2537 577 2584 non
607 2517 756 2585 debebat.
801 2519 1015 2605 Vituperatns
1044 2525 1151 2584 tamen

61 2628 121 2690 est
149 2641 191 2687 ea
209 2620 285 2707 ipsa
306 2619 349 2685 de
369 2637 471 2685 causa¹
498 2617 640 2683 Wolfins
668 2638 688 2685 a
719 2620 846 2704 hangio
876 2619 911 2683 in
940 2620 1077 2706 praelat.
1107 2619 1150 2684 ad

60 2723 200 2789 lsocrat.
221 2742 254 2807 p.
267 2717 334 2785 43.
377 2719 425 2785 At
446 2717 531 2806 qnod
547 2717 686 2801 Wolfins
702 2720 779 2802 jure
800 2739 843 2784 ex
865 2719 1044 2809 Ciceronis,
1066 2719 1151 2786 llio'-

61 2823 152 2910 nysii
179 2823 377 2907 aliorumque
398 2820 479 2886 locis
501 2819 724 2908 concluserat,
752 2819 788 2886 io
814 2818 947 2888 lmman.
975 2821 1151 2889 Bekkcrns

59 2914 105 2991 in'
120 2924 239 3009 optimo
260 2922 374 2988 codice
394 2920 551 2988 Urbinate
572 2921 792 2988 confirmatum
815 2923 910 3010 vidit,
933 2926 1023 3009 oans
1035 2928 1150 2989 ancto-

59 3025 194 3091 ritatem
215 3043 288 3090 curn
307 3024 340 3088 in
362 3041 404 3088 ea
424 3041 461 3088 re
483 3026 677 3108 sequeretnr
696 3021 887 3114 Bekkerns,
915 3025 948 3091 id
970 3025 1056 3112 quod
1076 3025 1151 3109 ipse

59 3125 104 3193 arl
126 3120 384 3211 Nicocl.p.15.
406 3142 435 3188 e.
459 3122 509 3187 his
530 3123 702 3209 professus
723 3129 777 3190 est
798 3124 926 3191 verbis·
947 3126 1150 3210 „ubicunque
1237 3156 1239 3161 ·

59 3227 292 3314 apostrophum
318 3225 431 3331 posui
461 3227 556 3309 posui
584 3231 718 3291 auctore
746 3223 785 3290 G.
817 3221 866 3316 [i.
886 3246 916 3293 e.
948 3221 1150 3316 Urbinate)“

59 3329 181 3396 tactum
209 3332 280 3415 est,
322 3333 358 3392 ut
385 3273 431 3392 (le
455 3328 604 3392 centenis
630 3327 773 3392 hiatnnm
802 3327 963 3413 exemplis
984 3328 1151 3412 octoginta

61 3431 194 3497 circiter
215 3427 461 3494 remanserint
452 3447 486 3492 rn
507 3426 710 3511 undeviginti
731 3426 948 3493 orationibus.
970 3446 1065 3517 „narn
1079 3423 1150 3517 [ito
1236 3430 1238 3434 ’

59 3532 170 3619 pergit
191 3529 233 3596 G.
255 3527 443 3617 Dindortins
464 3528 630 3623 adfllsocr.
651 3528 774 3612 Paneg.
795 3549 825 3614 p.
853 3527 887 3595 l.
908 3529 1013 3594 minus
1034 3523 1150 3617 recte)

61 3627 284 3697 Callimachea
311 3637 347 3696 et
372 3629 512 3696 iliciana
543 3635 635 3697 caret
657 3628 697 3695 G.
726 3647 809 3716 qnae
836 3649 900 3695 non
928 3628 1056 3695 dubium
1085 3640 1149 3716 est,
1267 3707 1270 3710 A

60 3732 138 3818 qnin
163 3731 243 3815 ipsa'
263 3750 391 3818 qnoque
418 3732 539 3817 corrigi
566 3729 750 3817 oporteat.“
790 3729 900 3798 Aliter
920 3732 1023 3797 sentit
1044 3730 1148 3796 Pinz-

58 3850 130 3920 ger.
152 3831 188 3896 in
207 3837 319 3898 annot.
341 3834 412 3898 crit.
431 3831 474 3900 ad
495 3833 621 3918 Paneg.
644 3854 675 3919 p.
698 3829 762 3898 37.
783 3838 874 3898 recte
895 3831 1023 3920 quidem
1044 3849 1147 3895 cano-³

59 3951 134 4000 nem
156 3933 378 4019 Spolnianurn
398 3935 557 4022 refutans,
579 3953 642 4021 qno
663 3935 698 4000 δὲ
717 3934 751 3999 in
771 3933 918 4020 apoleri,
941 3931 1068 4019 qnando
1088 3949 1146 3996 re-

59 4034 225 4120 spondeat
244 4035 382 4102 voculae
403 4036 461 4118 μὲν
480 4035 515 4102 in
536 4036 663 4124 protasi
680 4035 812 4123 positae
832 4033 979 4103 vocalem
1000 4051 1064 4098 non
1085 4031 1146 4096 ab·

54 4136 161 4220 jicere
182 4135 311 4227 soleat3
331 4135 457 4225 qnando
479 4143 588 4206 antem
607 4138 642 4204 δὲ
663 4136 697 4203 in
719 4136 852 4222 protasi-
865 4134 1002 4224 positnrn
1024 4132 1070 4223 sit
1090 4139 1146 4201 ant
1207 4148 1210 4153 ·
