2580 4514
376 127 747 231 N-no-
884 134 923 235 .'
1055 182 1056 189 .

61 301 165 373 sunt,
208 294 282 363 ona
298 301 382 384 gens
403 295 584 381 Hispanico
604 299 821 387 memoretur3
860 296 1052 382 praeserbm
1080 317 1152 372 oum

63 402 321 466 consentaneum
341 398 401 477 sit,
445 397 612 483 llispanos
634 396 763 483 equites
782 392 892 482 plures
914 418 1013 481 saue„
1056 419 1152 488 qoam

63 499 227 566 ducentos
248 499 305 564 vel
326 504 493 565 trecentos
514 498 574 564 sub
597 496 792 564 Asdrobsts
814 499 948 585 imperio
970 501 1073 566 foisse
1093 520 1151 568 ro·

62 601 171 668 lictus
215 597 324 681 Quare
331 647 342 688 ‚
362 619 475 666 verum
498 604 532 664 ut
552 599 673 684 fatear,
694 617 731 665 re
753 597 938 685 diligentius
960 602 1151 669 ‹zonsidera-

63 708 117 780 ta,
146 701 307 787 suspicari
328 700 456 781 licebit,
483 699 628 786 Livium,
659 720 730 769 cum
750 702 943 789 Λεργητώη,
979 709 1036 770 aut
1063 704 1178 784 aliud.

62 801 248 886 hujusmodi
269 819 401 888 nomen,
423 820 485 887 quo
507 800 634 886 Libyae
655 801 790 888 populns
812 802 929 888 aliquis
951 804 1152 889 designaba-

62 909 138 986 tur,
158 901 243 989 apud
265 901 433 995 Polybium
456 901 507 966 bic
528 901 682 989 legisset,
703 902 914 970 similitudine
934 906 1072 973 nominis
1093 905 1153 973 dc·

62 1008 212 1090 ceptam,
253 1022 424 1089 perperam
446 1001 488 1068 de
509 1002 593 1068 satis
614 1008 690 1068 noto
717 1003 858 1090 alioquin
882 1005 1063 1094 Hispaniae
1087 1026 1156 1100 poe-
1268 976 1282 1060 ’κ

61 1105 140 1193 pulo
169 1105 343 1189 cogitasse.
395 1103 442 1170 Et
468 1105 631 1189 Ilergetes
662 1102 789 1189 quidem
801 1102 945 1174 minime
975 1109 1038 1174 lmo
1065 1127 1150 1195 quaa·

10 1206 14 1213 ’
62 1205 173 1284 drant,
195 1206 248 1293 qui
268 1206 500 1281 translbcrum
522 1204 631 1296 (inter
651 1204 777 1271 Iberum
800 1213 835 1272 et
848 1205 1074 1299 Pyrenaeum)
1095 1209 1155 1277 in-

62 1305 216 1391 colebant
237 1311 272 1372 et
293 1307 431 1392 posthae
452 1306 577 1384 demum
599 1307 728 1371 subacti
748 1307 1153 1390 consummatissimam

61 1405 164 1475 docet
184 1404 257 1493 ipse
278 1406 433 1493 Polybius
454 1407 522 1496 ΙΙΙ,
543 1404 613 1485 35,
636 1402 673 1471 2.
695 1413 730 1472 et
751 1405 868 1473 Livius
890 1408 982 1488 xxl,
1006 1408 1069 1474 23.
1110 1408 1152 1478 In

62 1525 187 1594 graeco
215 1514 370 1582 contextu
400 1509 511 1592 igitur,
541 1507 647 1574 donec
673 1509 796 1575 certios
816 1509 936 1597 aliquid
957 1511 1161 1596 proteratur,

62 1609 251 1676 restitutum
272 1610 377 1696 ipsum
400 1630 515 1677 nomen
536 1611 712 1696 Λιργητῶη
732 1610 851 1693 velim,
891 1612 924 1677 iu
951 1630 1013 1698 quio
1036 1610 1153 1698 scripti

63 1709 139 1776 libri
161 1712 387 1803 consentiunty
431 1729 619 1797 quamquam
646 1709 797 1797 populum
824 1703 921 1796 buj'us
947 1713 1085 1804 nominis
1116 1713 1156 1781 in
1216 1736 1244 1776 ·.

64 1811 183 1878 Africa
209 1811 288 1877 nulli
319 1811 375 1878 alii
401 1810 553 1898 scriptori
578 1817 788 1878 memoratum
822 1810 924 1878 novi'
968 1810 1027 1878 Sic
1058 1819 1152 1880 recto
1245 1816 1252 1893 ζ

63 1912 416 2028 Scbweigboeuseras.
457 1909 901 2025 lbid.16.teresuolt‘uo.
947 1910 995 1979 Ori
1024 1919 1060 1981 ct
1090 1912 1152 1982 18

65 2012 183 2098 ταὺτη.
220 2011 404 2103 Ἀννίβας.

154 2109 232 2200 Cap.
254 2113 421 2195 XXXVI,
442 2111 478 2180 4.
511 2114 545 2180 in
573 2114 687 2182 verbis
712 2107 903 2199 ’γίγνεται
885 2138 906 2192 η
934 2107 1077 2195 διήγησις
1105 2113 1153 2182 of·

63 2214 192 2286 lendo'
184 2235 217 2281 m
238 2239 264 2294 η
246 2211 432 2303 διήγησις.
477 2215 562 2282 Nam
584 2217 728 2297 nomina,
749 2217 855 2302 inquit
875 2215 1045 2301 Polybius,
1065 2212 1153 2283 raudo

64 2317 178 2405 posita
199 2314 335 2384 eandem
355 2306 422 2383 vim
444 2315 565 2383 babent
587 2336 658 2382 cum
678 2318 813 2383 vocibus
834 2315 913 2382 nibil
934 2315 1153 2402 significanti-

65 2419 139 2487 bus.
181 2418 254 2484 Hoc
275 2437 332 2484 our
352 2418 399 2484 ita
419 2419 465 2483 sit
493 2417 663 2504 explicans
690 2418 822 2504 pergit.
865 2417 940 2504 quia
967 2425 1032 2483 tum
1059 2435 1153 2484 mens

64 2521 149 2588 nihil
169 2519 305 2604 habeat,
336 2519 386 2584 cui
407 2519 579 2598 innitatur,
611 2537 718 2604 neque
738 2519 789 2584 rei
810 2519 872 2584 sibi
893 2523 991 2587 notae
1007 2519 1045 2584 id
1068 2519 1153 2606 quod
1251 2597 1256 2614 ,

63 2620 186 2688 dicitur
212 2626 326 2706 aptare
354 2621 478 2707 possit,
518 2620 588 2686 lieri
615 2621 699 2686 bano
726 2620 883 2685 nominum
912 2619 1153 2705 usurpationem

65 2723 233 2791 couiosam
253 2723 274 2786 i.
299 2742 328 2789 c.
350 2722 458 2803 talem,
480 2740 574 2808 qrram
596 2718 728 2787 nescias
750 2739 812 2807 quo
834 2720 960 2786 referas
981 2725 1016 2786 et
1037 2721 1154 2786 obseo-

65 2845 148 2894 ram.
199 2824 336 2890 Rectius
373 2823 470 2908 igitur
500 2819 520 2900 ή
546 2818 691 2906 διήγησις
724 2820 849 2901 delebis
876 2828 912 2888 et
938 2817 957 2900 ή
984 2818 1157 2903 ὀνομάτων

66 2923 214 3008 ἐξήγησις
228 2923 412 3011 supplebis.
441 2922 523 2990 lnde
546 2925 629 2990 enim
651 2923 736 3011 quod
758 2926 901 2991 narratio
923 2919 996 3014 (sic
1009 2920 1175 3006 διήγησαιΙ

63 3020 258 3115 explicant)
280 3025 418 3091 obscura
443 3031 478 3090 et
505 3044 593 3110 vaga
624 3025 677 3112 tit,
709 3046 773 3092 nou
800 3028 964 3112 sequitur,
993 3027 1154 3113 nominum

66 3128 402 3194 commemorationem
424 3145 502 3192 esse
531 3128 665 3192 vocibus
687 3146 785 3194 aures
807 3135 930 3194 tantum
950 3125 1155 3212 pulsantibus
1173 3198 1179 3209 ‚

67 3229 216 3297 similem.
245 3227 315 3294 Sed
330 3228 359 3291 si
375 3227 455 3293 haec
470 3229 727 3294 commemoratio
743 3247 830 3314 vaga
845 3233 880 3294 et
896 3226 1155 3314 obscurabant,

66 3332 198 3398 nomina
219 3329 318 3394 allata
339 3328 496 3413 ejusmodi
518 3328 652 3420 vocibus
674 3335 768 3397 erunt
789 3329 915 3396 similia.
959 3328 1033 3394 Hoc
1047 3333 1156 3395 autem
1242 3330 1248 3336 '

69 3432 102 3498 si
114 3431 227 3498 delere
242 3428 335 3510 nolis,
347 3435 437 3494 certe
456 3424 601 3510 διήγησισ
616 3429 732 3497 eadem
746 3432 859 3517 vi·qua
873 3426 1019 3512 ἐξήγησιν
1035 3427 1156 3494 dictam

69 3551 151 3601 esse
172 3529 300 3597 statuas
321 3530 551 3615 articulumque
573 3530 701 3612 deleas,
723 3538 758 3598 ut
778 3531 944 3596 sententia
965 3530 1027 3594 sit:
1069 3548 1157 3616 vaga
1195 3608 1198 3617 ,

67 3640 106 3701 et
127 3633 266 3700 obscura
287 3629 543 3698 commemoratio
564 3627 656 3719 (ie.
677 3625 859 3721 nominum]
881 3629 927 3695 lit.
970 3631 1018 3696 lb.
1043 3629 1077 3697 7.
1098 3633 1156 3698 xci
1239 3692 1240 3700 ,

67 3731 221 3821 ἀοράτων
242 3732 546 3813 feres-XXXVII,
568 3729 604 3797 a.
628 3735 734 3801 scribe
756 3742 866 3798 tamen
887 3729 919 3795 δ’
944 3753 1002 3818 pro
1024 3732 1058 3797 ab
1079 3740 1156 3798 autc

50 3837 180 3922 ιἕτερον
202 3840 236 3901 et
256 3833 422 3912 XXXIX,
445 3831 480 3897 3.
519 3833 553 3898 in
581 3835 716 3901 verbis:
757 3834 815 3911 τῆς
834 3835 996 3916 παραλίου
1015 3828 1091 3917 ὑπὲρ
1112 3851 1175 3902 ex.

69 3956 134 4004 usu
161 3935 290 4022 Polybii
321 3930 422 4026 (vide
442 3935 558 4000 Lexic.
579 3935 694 4022 Polyb.
717 3955 745 4000 s.
767 3934 799 4000 h.
821 3930 878 4020 v.)
908 3935 972 3999 erit
997 3936 1158 4016 παραλίας

68 4035 245 4121 edendum.
288 4036 486 4108 inlibati
513 4036 547 4104 δὲ
576 4043 615 4105 αὶ
645 4038 728 4106 baec
755 4030 1159 4124 adscripsit‘Sobweigba
