2564 4508
448 131 772 232 «εα-

92 295 224 367 vertis:
246 300 284 364 ot
294 298 359 362 τάν
377 299 542 380 φωτεινῶν
557 300 705 384 ἐπιβολαὶ
718 307 788 378 τοῖς
803 310 982 380 σκοτεινοῖς
994 299 1101 393 ὕψους
1124 297 1182 393 (in

91 396 169 463 nid.
177 397 257 463 Bos
264 397 340 483 xyr.
348 397 388 462 B.
400 396 498 465 Frest
507 395 619 486 ὕφους,
630 395 736 481 ὕψους
743 399 858 488 Steph.
868 422 889 470 e
899 404 1002 470 Leon.
1008 409 1044 469 et
1050 402 1182 469 Sotion.

90 494 207 587 dedit)
227 495 338 564 εἰκόνα
359 499 416 562 καλ
435 495 568 580 βάθους
589 495 644 590 (id
656 502 781 587 recepit
794 503 967 589 Wyttenb.
989 503 1125 569 elreon.
1145 507 1184 567 et

92 594 224 664 Schott.
244 617 302 682 pro
316 595 531 690 libnstoffloc]
555 598 783 684 λαμβάνουσαι
806 601 865 679 τάς
890 607 961 690 περὶ
983 601 1027 669 τά
1050 601 1182 684 ὄμματα

90 699 147 763 καλ
162 695 207 762 τά
216 699 307 776 χειλη
318 698 446 775 εἰκόνας
460 708 660 784 φαινομένας
672 699 852 783 ὁμοιότατα
864 701 1064 769 ἀιετόπονσαν
1073 723 1081 740 ·
1090 740 1093 748 ·
1102 720 1180 771 νου-

87 796 167 881 ]ἰείο
183 799 371 863 concinnius
386 800 540 884 scriptum
560 800 662 867 ruisse
680 800 738 878 τάς
756 806 827 888 περὶ
849 803 893 869 τὰ
908 801 1041 886 ὄμματα
1063 805 1120 869 καλ
1138 797 1181 867 τά

89 898 184 975 χείλη
196 906 394 983 φαινομένας
408 895 601 980 ὁμοιότητας
616 899 824 969 διετύπωσαν.
845 902 883 969 C·
897 904 938 970 V.
953 900 1043 969 922.
1057 901 1089 967 d.
1101 919 1180 987 pro:

84 995 181 1092 ἀλλά
211 1001 360 1076 ἐπιπολῆς
380 995 528 1076 δηλονότι
549 1002 589 1083 τῇ
610 1001 782 1088 κυρτότητι
809 1007 1005 1086 ἐπικείμενον
1026 1003 1181 1087 scriptum

94 1098 194 1166 velim
201 1095 287 1165 ἀλλά
298 1101 337 1183 τῇ
347 1101 480 1182 ἐπιτολῇ
493 1097 641 1177 δηλονότι
657 1104 713 1181 τῆς
726 1100 921 1189 κυρτότητος
935 1110 1026 1185 tutu,
1037 1104 1113 1189 quio
1124 1107 1182 1169 τόν

95 1217 161 1265 non
184 1205 250 1265 tom
271 1201 424 1266 curvitoti
445 1201 479 1264 in
500 1202 672 1287 superficie
693 1204 862 1285 incumbit,
885 1223 981 1290 quum
1000 1201 1184 1289 superficiei

95 1301 190 1365 curvi
205 1301 360 1386 corporis.
384 1302 429 1365 lb.
437 1296 527 1365 922.
535 1319 563 1366 e.
579 1322 637 1387 pro
652 1301 754 1369 ταύτό
767 1311 846 1370 onte
860 1293 918 1369 οὖν
931 1304 1039 1371 scribe
1050 1299 1180 1367 ταύτόν.

96 1399 203 1466 ssve
219 1395 311 1464 923.
325 1420 355 1466 e.
374 1420 452 1486 pro:
470 1402 531 1483 γῆν
547 1403 582 1467 ἀὲ
595 1406 680 1489 φατὲ
693 1402 779 1486 ὑμεῖς
792 1402 869 1469 ἀνευ
880 1403 1006 1488 βάσεοις
1023 1405 1079 1469 καὶ
1095 1402 1181 1484 ρἰζης

94 1501 256 1581 διαμένειν
276 1500 417 1567 sortasse
437 1502 498 1583 γῆν
518 1496 546 1566 ἀ
569 1502 657 1584 ὑμεῖς
678 1506 763 1590 φατὲ
783 1507 841 1570 καλ
862 1504 940 1578 ἀνευ
959 1528 990 1571 κ.
1002 1527 1032 1571 τ.
1046 1507 1074 1568 λ.
1094 1503 1181 1568 scri·

93 1605 185 1688 ptum
206 1600 272 1666 suit
316 1597 352 1667 C.
375 1606 451 1667 Vll.
474 1598 564 1668 924.
587 1621 616 1668 c.
645 1603 679 1668 in
700 1603 838 1670 verbis:
880 1608 936 1671 καὶ
956 1601 1026 1683 τὴν
1037 1598 1182 1689 κεφαλὴν

91 1701 178 1783 ἄνει,
205 1704 262 1767 καὶ
284 1701 360 1778 τοὺς
380 1700 481 1779 πόδας
502 1702 570 1767 ἀνω
592 1705 676 1780 ἔχειν
695 1701 754 1781 τὸν
777 1701 898 1794 αὐτόν,
924 1705 1067 1773 fortusse
1093 1703 1181 1770 olte-

93 1823 165 1869 rum
186 1801 253 1868 ἀνω
275 1803 445 1875 delendum
467 1809 528 1869 est
573 1803 619 1869 lb.
640 1804 673 1868 in
695 1806 827 1872 verbis:
870 1801 1058 1871 ἀνακύπτον
1077 1803 1181 1874 αὐτοῦ
1232 1798 1234 1802 ’

94 1901 133 1969 τὸ
154 1903 185 1962 ³}
206 1902 287 1968 εἶναι
308 1907 364 1970 καὶ
385 1901 475 1969 κάτοι
495 1903 629 1969 ἀνωθεν
648 1906 808 1987 ἕλκεσθαι
824 1906 881 1972 τόν
891 1902 1181 1982 ἀνασκαπτόμενον

94 2005 272 2090 Wyttenb.
295 2005 397 2071 dicit:
428 2004 614 2088 ,hujusmodi
637 2006 711 2092 qnid
732 2009 868 2095 requiri:
904 2003 1065 2072 αὐτοῦτὸ
1087 2008 1181 2088 σῶμα

94 2103 164 2172 ἀνα
185 2110 276 2169 ἰέναι.
298 2106 396 2171 Turn.
417 2111 451 2170 et
474 2106 567 2171 Vulcr
589 2109 745 2193 supplent
764 2105 803 2174 τὸ
823 2115 919 2196 μέρος
945 2107 1014 2172 ἀνω
1041 2111 1077 2172 et
1098 2105 1181 2173 Ern-

94 2206 207 2293 perius
237 2207 270 2270 in
295 2206 369 2272 Act
391 2204 470 2272 Soc.
500 2206 620 2273 Graec.
649 2207 722 2274 Vol.
750 2212 784 2294 1,
810 2207 889 2274 fuso.
922 2213 964 2273 11.
990 2205 1079 2272 355.
1109 2207 1182 2274 vult

94 2295 290 2373 ἀνακόπτειν
311 2304 414 2385 αὐτοῦ
435 2304 473 2372 τό
494 2309 589 2388 σῶμα
610 2313 644 2372 et
666 2306 784 2373 deinde
811 2305 849 2372 τὸ
875 2303 1180 2389 ἀνασκαπτόμενον·

93 2409 165 2475 scil.
185 2406 243 2474 τόν
261 2409 344 2487 χοῦν
364 2408 439 2492 tegi,
461 2408 699 2495 urbiWyttenb.
718 2404 778 2473 τὸν
797 2408 832 2472 in
853 2404 956 2473 αὐτόν
976 2407 1031 2474 vei
1051 2407 1086 2473 in
1098 2406 1180 2475 αότό

94 2510 165 2576 scii.
187 2511 280 2592 σῶμα
301 2509 485 2574 mutandum
507 2529 585 2576 esse
606 2509 741 2575 censuit
784 2507 945 2595 Equidem
973 2507 1180 2594 scripserim:

94 2608 282 2678 ἀνακύπτον
303 2608 406 2674 αὐτοῦ
426 2606 547 2674 ταύτόν
567 2610 651 2678 εἶναι
670 2612 728 2676 καὶ
747 2607 857 2676 curor
878 2609 899 2675 i·
911 2627 940 2675 e.
954 2607 1091 2677 eandem
1108 2609 1181 2709 ejus

94 2713 242 2800 corporis
264 2720 389 2799 portem
412 2735 495 2801 quoe
517 2734 643 2781 sursum
665 2714 710 2778 sit
731 2711 840 2793 eluto,
863 2730 941 2779 esse
962 2709 1060 2777 etiam
1080 2708 1180 2775 deor-

94 2835 183 2896 sum,
206 2815 235 2880 si
258 2834 300 2880 ex
322 2815 466 2882 adversa
487 2823 596 2882 terrae
617 2822 711 2902 purte
732 2819 908 2899 spectetur.
952 2811 1084 2878 Deinde
1108 2829 1181 2897 per-

95 2918 162 3003 gitt
183 2917 240 2980 καὶ
260 2914 393 2982 ἀνωθεν
406 2917 564 2982 ἕλκεσθαι
577 2912 615 2981 τὸ
629 2911 917 2995 ἀνασκαπτόμενον
938 2917 974 2978 et
994 2915 1181 2979 effossum
1261 3001 1264 3004 Ι

95 3018 264 3104 superiore
282 3024 375 3101 porte
396 3014 590 3108 (oppositae
604 3024 713 3083 terroe
727 3007 894 3100 regionis]
914 3011 1066 3109 deorsum
1086 3011 1181 3092 trahi,

97 3138 192 3204 qurum
208 3121 358 3182 effossum
376 3118 483 3183 soleat
500 3115 641 3202 alioquin
654 3115 805 3187 deorsum
816 3114 911 3180 uehi.
935 3109 1180 3180 C·V111.924.

95 3219 128 3285 d.
152 3221 184 3284 in
207 3218 336 3284 verbis:
360 3216 421 3296 οὐχ
440 3215 482 3292 ὡς
503 3222 602 3299 μέσον
624 3206 709 3282 οάσα
733 3216 792 3281 τοῦ
809 3210 928 3290 παντὸς
947 3209 968 3293 ἡ
986 3215 1028 3295 μή
1045 3215 1181 3299 μᾶλλον,

94 3317 115 3399 ἢ
137 3317 180 3394 ὠς
202 3315 295 3400 ὅλον,
318 3315 517 3383 οἰκειώσεται
530 3305 616 3405 μέρη
637 3313 738 3395 αὐτῆς
759 3318 841 3387 ὄντα
859 3310 904 3381 τά
923 3310 1009 3403 βάρη
1032 3334 1090 3400 pro
1101 3321 1181 3399 μέρη

95 3420 205 3486 scribe
216 3426 343 3504 μέρεσιν
357 3423 392 3484 et
406 3418 446 3486 cf.
459 3419 492 3483 in
515 3418 556 3483 iis
578 3437 662 3503 quae
683 3423 879 3505 sequentum
900 3413 921 3494 ἡ
940 3417 982 3498 γῆ
1002 3413 1060 3481 τόν
1081 3416 1183 3481 λίθον

95 3516 352 3602 δέχεται-ὄθεν
374 3520 502 3583 ἑνοῦται
523 3519 569 3601 τῷ
582 3515 703 3604 χρόνῳ.
747 3516 784 3583 C.
795 3517 838 3582 X.
855 3512 945 3585 925.
960 3534 989 3581 c.
1003 3514 1036 3580 in
1053 3514 1182 3581 verbis:

95 3618 135 3686 τὸ
157 3622 216 3683 του
238 3615 330 3697 ἡλίου
351 3615 524 3700 ἀπόστημα
545 3620 604 3684 τοῦ
624 3615 853 3700 ἀποστήματος
866 3618 921 3695 τῆς
931 3611 1063 3693 σελήνης
1073 3615 1181 3679 scribe

96 3717 136 3786 τὸ
157 3717 331 3799 ἀπόστημα
351 3720 411 3783 τοῖν
431 3714 533 3796 ἡλίου.
575 3719 624 3791 lb,
647 3738 705 3804 pro
727 3722 836 3784 καίτοι
856 3712 875 3780 ό
904 3713 1047 3779 fortasse
1072 3717 1181 3781 καίτοι

95 3818 123 3903 y’
144 3817 162 3883 ό
185 3826 238 3884 est
253 3819 466 3884 scribendum.
510 3818 555 3883 lb.
570 3813 661 3887 925.
676 3818 707 3885 d.
730 3835 789 3906 pro
811 3813 922 3893 ἀπέχει
943 3809 1061 3890 όῆλιος
1074 3813 1181 3882 scribe

94 3915 226 3997 ἀπέχειν
248 3920 305 3985 τόν
326 3916 429 3998 ἥλιον,
453 3926 487 3984 ut
508 3919 631 4002 oratio,
653 3919 697 3986 uti
719 3917 836 3997 debet,
859 3934 880 3982 ο
900 3915 1182 3994 συλλογιζομένους

94 4019 246 4106 pendent.
291 4016 328 4086 C.
351 4023 409 4087 xt.
442 4015 533 4087 926.
562 4037 592 4085 o.
624 4038 685 4104 pro
713 4017 795 4097 ἀναΙ
808 4018 896 4086 ἐστὶν
922 4013 1063 4080 fortusse
1095 4020 1181 4084 ἐστιν
