2580 4514
512 175 554 185 -
617 138 682 202 oro
748 173 787 185 -·

97 306 298 374 Plutarchus
329 308 407 393 [qui
428 313 536 372 tamen
558 307 603 373 ihi
624 302 786 372 rhetohetn
808 305 901 389 ugit}
922 303 1002 370 dicit
1016 308 1019 313 '
1032 300 1194 371 uerecun-

83 410 211 493 ,datum
233 428 311 474 esse
332 409 458 493 φωνῆεν
479 406 636 493 φωνήεντι
658 396 912 492 oupapodom'in
934 405 1003 470 libr.
1027 404 1067 470 de
1088 406 1192 489 gloria

97 512 225 577 Athen.
249 530 280 595 p.
297 508 387 601 3¹50.
408 524 440 574 e.
464 506 535 574 add.
557 507 626 572 Cic.
650 504 791 572 Orate.
814 503 878 570 44.
923 503 969 570 Et
991 504 1075 590 opud
1097 505 1194 581 Plut-

96 612 233 678 archnm
263 608 389 694 quidem
418 613 509 673 tanto
523 609 658 690 -majore
684 610 760 691 jure
790 607 920 672 codices
949 610 1083 671 secut-us
1114 624 1192 697 esse

93 712 180 778 mihi
199 710 333 787 videor,
378 726 439 793 quo
462 710 613 791 majorem
636 707 730 773 tidem
753 709 830 772 tacit
859 716 1041 772 consensus
1058 706 1102 770 ¹in
1131 726 1193 792 po-

97 811 209 877 nendo
231 810 430 896 apostropho
455 813 507 889 [at
529 809 673 895 plerique
696 828 739 874 ex
760 829 824 874 uno
845 809 1008 873 duxerunt
1040 808 1131 873 fonte
1157 813 1194 872 et

98 913 176 977 aliis
198 912 295 975 etiam
317 910 350 973 in
372 910 470 974 rebus
492 911 699 975 consentiunt
721 909 762 977 de
784 910 921 995 aliisque
940 909 989 974 nil
1011 909 1093 974 certi
1109 926 1193 973 uun-

94 1015 204 1098 stat],
237 1011 289 1074 uhi
311 1009 486 1074 adhibitum
508 1031 527 1076 a
552 1011 724 1076 Plutarcho
746 1030 823 1076 esse
844 1010 1022 1076 verisimile
1050 1014 1117 1087 est,
1151 1010 1194 1072 cx

101 1132 166 1199 qrro
197 1110 346 1177 concludi
367 1116 499 1194 potest,
542 1112 576 1175 in
599 1112 732 1199 reliquis
754 1113 852 1177 etiam
873 1110 955 1176 locis
976 1131 1040 1176 non
1066 1114 1192 1175 temere

73 1213 277 1278 'admissum
297 1230 378 1276 esse
400 1211 433 1275 in
455 1211 547 1276 libris
569 1212 722 1278 hiatum.“
764 1212 886 1296 Atqui
907 1217 1000 1278 tanta
1022 1232 1092 1276 cnm
1114 1230 1194 1276 cura

97 1315 134 1378 in
159 1312 300 1377 hiatibus
321 1311 526 1395 gravioribus
548 1312 713 1378 evitandis
736 1318 889 1378 versatus
918 1319 996 1391 est,
1041 1318 1192 1398 qirontum

97 1417 133 1478 in
158 1413 324 1478 Plutarchi
346 1413 424 1478 vitis
446 1416 482 1499 et
504 1414 624 1478 ceteris
647 1413 779 1498 scriptis
802 1411 1097 1500 deprehendemus,
1120 1422 1191 1476 curn

98 1533 304 1599 nequaquam
325 1514 443 1580 credes
472 1533 604 1598 passum
632 1532 711 1579 esse
737 1514 906 1578 breviores
932 1514 1016 1578 istas
1046 1513 1191 1590 vocales,
1233 1578 1236 1583 .

97 1634 184 1701 qrras
205 1616 354 1701 exemplo
375 1634 441 1680 non
464 1615 567 1679 solum
591 1616 783 1701 pomarum,
827 1613 886 1678 sed
910 1613 1006 1679 eiiam
1030 1621 1192 1680 oraturum

76 1714 383 1791 ethistoricornm
405 1722 521 1800 posset
549 1715 636 1780 taciti
664 1717 795 1800 negotio
824 1715 965 1793 elidere,
994 1720 1060 1780 tam
1088 1732 1192 1799 saepe

95 1833 302 1880 concurrere.
344 1813 487 1881 Codices
507 1819 744 1902 manuscriptos
767 1822 873 1884 utitem
896 1816 943 1880 uti
966 1816 998 1880 in
1021 1816 1192 1899 interpon-
1221 1804 1224 1810 ’

97 1915 230 2000 gendo,
252 1917 297 1980 ito
320 1917 417 1982 etiam
439 1917 471 1980 in
494 1918 693 2005 apostropha
714 1917 864 2004 ponendo
887 1936 951 1982 non
973 1934 1090 2001 magna
1113 1932 1192 2001 esse

92 2017 296 2083 auctoritate
317 2016 390 2102 quis
407 2019 540 2103 estqui
562 2011 688 2102 neget?
729 2018 786 2084 *Nc
806 2025 915 2084 minen
942 2018 1069 2102 longius
1098 2034 1193 2100 quam

98 2117 214 2202 parin
238 2117 298 2180 huc
320 2116 482 2203 scriptore
499 2117 698 2183 versandum
720 2118 765 2182 sit
771 2120 785 2207 ,’
803 2114 1087 2202 omnio'ejusmodi
1109 2115 1192 2193 loco,

95 2219 131 2282 in
154 2217 269 2303 ipiihus
292 2216 388 2282 elisio
409 2218 454 2281 sit
476 2217 659 2283 adhihenda
680 2218 736 2284 vel
757 2219 794 2284 in·
812 2220 925 2304 quihus
939 2219 1061 2307 hiatus
1087 2232 1192 2302 pausa

96 2320 145 2384 sit
171 2317 413 2396 excusanduS‚·
442 2319 589 2383 omittam
611 2336 718 2402 eaque
737 2319 808 2382 sola
830 2322 977 2397 aderam,
1018 2319 1051 2383 in
1080 2316 1203 2402 quihus

96 2418 258 2485 vocalium
280 2417 452 2483 concursio
471 2436 535 2502 quo
557 2416 765 2498 defendatur,
794 2438 857 2483 non
880 2419 1010 2485 haheat
1056 2416 1128 2499 Qua
1151 2417 1193 2484 de

95 2539 198 2587 causa
221 2538 261 2584 ea
283 2521 380 2585 etiam
400 2538 465 2584 non
488 2518 741 2584 commemorabo
763 2518 851 2605 loca,
882 2519 916 2584 in
938 2519 1053 2605 quihus
1075 2522 1192 2604 aperte

97 2621 236 2685 aliorum
258 2619 359 2683 verhu
378 2618 537 2703 legamus.
1205 2612 1208 2618 ’

183 2719 345 2803 Reperies
366 2719 464 2802 igitur
484 2719 517 2783 iu
541 2720 698 2787 Thesei
720 2702 790 2786 vita
811 2721 940 2799 haec,
930 2740 965 2784 ιιι
987 2720 1104 2806 quibus
1125 2736 1190 2783 vo

95 2819 190 2883 cales
209 2819 255 2881 ita
276 2822 469 2884 concurrere
471 2818 626 2886 videas:
649 2817 730 2908 Cap
754 2826 845 2899 XlX,
868 2843 899 2906 p.
923 2818 960 2885 S
984 2820 1015 2885 d.
1038 2816 1193 2894 autbodi

95 2923 261 3000 ναννηγιᾳ
282 2918 483 3002 ἐπεβάλλετο.
528 2921 605 3007 At
595 2942 629 2988 tn
651 2924 741 2988 libris
764 2923 908 2997 omnihus
931 2924 1014 3007 iere,
1037 2920 1135 2986 etiam
1158 2920 1193 2983 in

96 3020 136 3084 G.
161 3015 358 3108 (Parisino)
380 3026 451 3085 est:
475 3018 574 3096 αὐτὸς
594 3026 778 3105 ναυπηγίαν
794 3018 1010 3106 ἐπεβάλλετο.
1043 3020 1194 3086 Particu-

96 3121 160 3183 lam
184 3120 217 3183 dd
238 3119 315 3183 addi
337 3126 427 3184 reete
443 3121 511 3203 jam
534 3122 639 3187 voluit
651 3120 854 3209 Stephanus,
878 3131 955 3189 ante
978 3134 1072 3208 quem
1095 3122 1192 3195 etiam

96 3223 129 3283 in
152 3221 313 3304 exemplis
335 3223 479 3285 uetustis
501 3223 672 3306 legebatur
693 3223 877 3310 habentque
900 3242 971 3290 eam
993 3221 1090 3303 Bodl.
1108 3220 1140 3285 l.
1155 3220 1190 3287 a.

96 3326 132 3384 et
161 3320 208 3383 uti
237 3319 368 3383 videtur
396 3318 556 3386 Sintenis.
587 3322 693 3388 codd.¹
718 3309 850 3409 praeter
878 3321 915 3390 U
982 3325 1056 3405 Non
1086 3325 1192 3388 minus

96 3419 216 3504 probo,
245 3420 332 3503 qrrod
356 3417 516 3486 Sintenis'
524 3418 554 3486 e
574 3422 655 3488 cod.
680 3421 717 3488 (l
749 3422 861 3508 ἑπεβνὲ)
858 3448 921 3488 cto
951 3425 1100 3511 scripsit,
1129 3422 1190 3495 sed

95 3520 159 3582 hoc
190 3518 306 3598 miror-3
351 3520 436 3634 quod
460 3542 576 3588 omnes
613 3526 815 3611 recentiores
832 3524 989 3590 editores
1009 3524 1190 3591 Reishiuu't

94 3624 173 3683 sunt
195 3621 321 3698 secuti²
338 3623 390 3705 qui
409 3624 626 3689 accusativos
643 3624 735 3693 illos:
779 3618 962 3706 uuonpyzttc
978 3626 1019 3690 'et
1041 3624 1073 3691 in
1096 3626 1188 3711 sequ.

94 3717 154 3796 τὴν
175 3717 333 3797 μὲν-τὴν
313 3723 396 3798 cdi,
420 3742 501 3809 quos
524 3742 636 3789 omues
658 3706 788 3791 tuentur
808 3724 922 3809 libri,
913 3746 945 3789 ιιι
969 3724 1061 3792 datu
1050 3746 1100 3791 us
1121 3742 1191 3791 mu·-

94 3819 189 3883 tavit.
237 3814 397 3884 Cuttlcrus
425 3823 551 3908 qrtldcm
583 3838 641 3911 lte
669 3823 711 3888 de
730 3826 801 3913 hoc
827 3822 965 3892 v‘crhid
950 3806 1191 3907 ἐπιβάλλεσθάξ

94 3938 155 3983 usu
178 3917 307 3983 dubites
330 3921 457 3987 Platon.
481 3873 585 4011 Sepla
610 3922 692 3990 264
715 3926 825 3992 hubi
847 3931 940 4013 ἔργον
961 3902 1187 4006 emedullatae*-

92 4020 148 4084 tra
171 4025 206 4082 et
228 4019 330 4104 Legg.
355 4026 398 4108 X,
422 4020 518 4102 8925
538 4025 568 4091 tl.
591 4026 648 4092 ubl
666 4020 1060 4110 prolucutrrrpdulldpauoe
1082 4020 1187 4107 lcgc's'.
