2564 4508
491 124 966 191 '-.¹to-·

155 297 312 379 γινέσθαι
336 292 379 360 ἀν
405 290 621 362 ἐσπούδασαν.
665 292 771 376 Vulgo
790 292 883 358 ‘enim
910 298 987 360 ente
1017 290 1124 379 Bekis
1145 298 1183 359 et
1201 291 1239 359 in

157 417 239 463 omn.
253 396 361 463 Bekk.
383 395 478 462 codd.
500 402 631 485 praeter
644 393 686 458 Σ
692 395 756 459 ΥΩ.
777 395 935 477 γενέσθαι
955 391 1163 459 ἐσπούδασαν
1183 394 1239 461 Ιο-

154 498 249 584 gitur.
291 498 468 565 Sententia
488 497 550 563 loei
573 502 640 561 tnm
661 493 742 561 erit:
773 497 803 561 si
823 497 1039 562 institutorum
1065 502 1102 559 et
1128 495 1241 579 legum

155 607 338 666 nostrorum
358 600 465 686 cupidi
486 600 640 679 fuissent,
682 599 888 684 cupivissent
917 601 1011 664 cives
1036 595 1109 662 fieri
1128 600 1166 662 et
1187 594 1242 661 hie

155 701 313 781 habitote,
333 703 363 767 si
389 707 537 787 possent
582 697 714 766 Omissa
742 707 795 765 est
815 699 975 786 porticula
994 698 1137 764 fernme
1158 715 1241 783 pro·

157 809 232 886 pter
252 802 454 889 praecedens
476 798 669 888 inoc,.qnod
692 808 894 866 tamencum
915 797 1080 882 γινόμενοι
1101 798 1242 880 conjon-

159 910 244 967 ctnm
265 903 351 968 idem
373 904 441 969 iere
463 910 517 969 est
537 910 652 989 atque:
674 909 702 967 el
721 909 876 984 γένοιντο.
920 897 1125 979 nemeen,
1152 894 1242 963 129.

156 1000 332 1088 Ἰφικράτει
361 1000 556 1092 ἢ61664,
588 1002 675 1067 135.
701 1003 839 1083 ἐξετάσω
867 999 1004 1092 ἡλίκων,
1045 1001 1100 1065 ubi
1128 1006 1240 1065 tamen

160 1103 254 1169 codd.
278 1105 351 1168 ΩΥ.
370 1107 511 1182 πηλίκων
532 1105 663 1170 hebent.
685 1102 775 1180 666,
801 1101 888 1168 146.
909 1103 993 1168 haee
1012 1102 1181 1185 teguntur:
1202 1095 1243 1163 mi

157 1202 222 1289 γάρ
242 1203 324 1271 ἀλλο
345 1231 377 1269 τι
398 1216 487 1270 ποιεῖ
503 1203 541 1269 τὸ
563 1202 722 1293 ψήφισμα
744 1211 850 1292 τουτί,
891 1201 946 1268 ὅτι
972 1204 1019 1286 τῷ
1040 1203 1098 1284 μὲν
1117 1203 1243 1265 ἐκείνου

157 1308 328 1392 στρατηγῷ
350 1303 389 1371 οὐ
410 1307 564 1391 διείρηται
584 1311 620 1371 τί
637 1313 796 1394 πρακτέον
816 1305 835 1381 ἢ
855 1301 919 1387 μή,
940 1300 1072 1369 πάσιδ
1097 1325 1127 1368 κ.
1138 1327 1180 1367 τ.
1201 1303 1245 1380 L,

160 1406 213 1471 obi
234 1426 293 1492 pro
314 1404 369 1472 ὅτε
390 1406 461 1472 eod.
484 1429 518 1473 v.
540 1409 588 1473 oti
607 1409 707 1493 volgo
729 1404 790 1485 ὅτι,
812 1405 904 1471 codd.
926 1405 994 1470 ΥΩ.
1017 1393 1057 1469 οὖ
1078 1425 1124 1486 γι,
1147 1400 1243 1469 codd.

158 1505 244 1579 Kos,
266 1515 374 1574 nutem
396 1504 449 1572 ὅτε
476 1529 537 1574 om.
565 1516 600 1575 et
626 1514 703 1594 post
729 1510 774 1591 τῴ
802 1509 860 1589 μὲν
885 1504 1009 1572 addunt
1030 1501 1107 1587 γὰρ·
1146 1503 1246 1569 Patet

159 1608 235 1673 inde
256 1608 329 1673 loeo
352 1609 578 1694 particulorum
600 1606 653 1675 ὅτε
674 1611 748 1674 sive
769 1605 819 1673 ὅτι
841 1609 914 1674 otim
935 1606 1022 1672 alind
1054 1605 1130 1692 quid
1160 1606 1246 1671 seti-

161 1714 249 1792 ptum
271 1709 383 1786 fuisse,
405 1709 546 1775 fortasse
567 1708 607 1775 οὐ
630 1709 710 1797 γάρ,
734 1711 855 1776 omisso
875 1711 1052 1794 negatione
1072 1726 1158 1794 qooe
1170 1712 1246 1793 post

161 1807 330 1896 στρατήγῳ
352 1813 508 1895 seqnitur.
555 1811 637 1892 Quia
659 1813 743 1877 enim
765 1811 875 1877 stetim
902 1808 941 1874 οὐ
970 1807 1035 1892 γάρ
1071 1806 1250 1894 praeeedit,

161 1912 267 1996 potnit
287 1911 381 1976 facite
403 1912 455 1975 hie
475 1913 650 1999 excidere3
692 1930 755 1997 qno
784 1911 869 1976 sacto
896 1911 951 1975 olii
978 1902 1018 1974 mi
1045 1914 1088 1993 γε’
1110 1911 1169 1976 atii
1196 1906 1248 1975 ὅτι

162 2012 216 2079 atii
229 2008 281 2074 ὅτι
295 2011 348 2076 olii
364 2008 428 2095 γὰρ
449 2020 484 2079 et
506 2009 546 2077 οι)
566 2013 627 2077 sed
649 2012 757 2078 alieno
779 2018 955 2098 posuerunt
976 2013 1056 2078 loco.
1085 2012 1124 2077 ld
1138 2032 1180 2079 eo
1193 2013 1248 2079 io·

162 2112 256 2176 cilius
278 2112 407 2197 probari
429 2114 559 2197 poterit,
582 2113 611 2176 si
631 2112 718 2197 qnod
740 2113 823 2196 Aug.
845 2112 870 2175 1.
890 2110 976 2178 Kos.
998 2118 1074 2199 post
1087 2110 1250 2200 ψήφισμα

162 2214 339 2298 praebent,
382 2210 522 2291 ἣτοῡτο,
542 2209 666 2302 (volgo
695 2220 773 2279 onte
802 2212 910 2278 Bekk.
939 2220 975 2280 et
1001 2215 1035 2279 in
1063 2213 1136 2279 coda
1165 2233 1199 2279 v.
1228 2209 1250 2291 ἢ

161 2316 252 2377 τουτὶ
274 2309 464 2404 legebatur)
485 2313 676 2400 praefertur,
697 2315 744 2379 ito
765 2320 801 2378 nt
822 2319 974 2401 seriptum
996 2316 1099 2381 tuisse
1119 2321 1252 2381 stoton-

162 2435 250 2481 mus:
294 2412 333 2479 οά
354 2413 417 2502 γάρ
439 2415 521 2481 ἀλλο
542 2441 573 2480 τι
595 2426 684 2481 ποιεῖ
699 2414 739 2480 τὸ
761 2413 923 2502 ψήφισμα
943 2415 963 2496 ἢ
984 2418 1093 2481 τοῦτο.
1114 2413 1157 2480 οὐ
1183 2413 1251 2503 γάρ

162 2518 208 2598 τῷ
231 2519 287 2598 μὲν
308 2523 431 2582 ἐκείνου
452 2519 622 2600 στρατηγῷ
643 2519 798 2600 διείρηται
825 2539 856 2581 κ.
876 2520 956 2583 τ.λ.
998 2516 1074 2581 Non
1104 2516 1252 2583 onmdes

164 2612 256 2698 668,
282 2615 369 2683 146.
381 2620 414 2684 in
428 2608 464 2683 εὖ
481 2617 541 2684 οἷδ’
556 2637 663 2704 neque
681 2615 765 2682 ¹48.
779 2619 813 2683 in
825 2620 944 2700 τίθημι
960 2615 1045 2708 (ser.
1056 2615 1169 2700 τίθημ’
1174 2614 1253 2707 Jtn,

160 2736 267 2804 neque
282 2719 322 2785 ib.
330 2721 372 2784 in
394 2708 546 2801 ἀάνδρτς
559 2719 734 2797 Αθηναῖοι
745 2725 783 2785 αἱ
797 2738 904 2806 neque
921 2716 1012 2798 669,
1030 2719 1119 2784 150.
1130 2722 1166 2785 in
1176 2720 1252 2785 δοῦ-

159 2842 214 2883 ναι
232 2814 292 2897 ὅτι,
310 2838 499 2906 quamquam
511 2820 554 2883 ibi
566 2821 688 2887 rectius
714 2819 830 2887 Reisk.
848 2840 891 2886 ex
902 2821 1037 2886 Borooe
1054 2820 1254 2907 vind-Any

160 2921 187 2985 1.
209 2916 361 2984 FnKrs.
382 2921 556 3005 scripsisse
577 2919 708 2989 videtur
733 2917 839 3000 διότι,
883 2923 1028 3007 sequitur
1050 2922 1136 2987 enim
1157 2920 1250 2987 διότι.

45 3030 56 3049 ⁴
160 3019 319 3085 Probovit
339 3020 373 3086 id
394 3022 492 3087 etism
513 3020 685 3087 Schoeter.
733 3022 851 3108 Neque
872 3022 1019 3089 offendes
1041 3020 1140 3101 671,
1164 3020 1253 3087 too.

160 3123 195 3186 in
216 3118 371 3205 θαλάττῃ
392 3117 473 3200 οὐδ’,
503 3122 564 3187 sed
592 3117 690 3199 672,
715 3122 803 3187 157.
846 3123 1253 3211 Demosthenemneqno·

161 3240 256 3308 qnam
278 3225 455 3309 scripsisse
476 3242 616 3290 senseoz
638 3221 656 3288 ὁ
678 3227 818 3306 Μέμνων
839 3228 896 3289 καὶ
918 3222 936 3288 ὁ
957 3227 1114 3311 Μέντωρ,
1137 3229 1172 3290 οἱ
1192 3246 1253 3302 πιπ-

162 3323 273 3387 δεσταὶ
306 3325 367 3388 τοῦ
395 3322 617 3410 Ἀρταβάζου,
660 3324 834 3412 ἄνθρωποι
869 3332 937 3390 νέοι
974 3328 1031 3391 καὶ
1064 3328 1254 3410 manemus

162 3421 395 3510 ἀπροσδοκήτῳ
416 3424 538 3509 ἀτυχία
565 3433 606 3512 τῇ
632 3429 692 3491 τοῦ
718 3423 922 3514 Ἀρταβάζου
949 3429 1072 3508 κηδείᾳ.
1114 3424 1253 3493 offendo

164 3526 297 3611 prinum
325 3528 400 3613 quio
427 3529 587 3594 simittimo
616 3527 710 3594 modo
740 3527 783 3593 de
811 3524 1007 3595 Chmidemo
1034 3528 1067 3593 in
1095 3526 1139 3593 iis
1170 3542 1254 3613 quoe

164 3634 343 3712 sequuntur
363 3626 483 3694 dictum
503 3635 583 3695 est:
625 3624 779 3711 τυγχάνει
806 3627 926 3707 ταύτης
954 3632 1011 3708 τῆς
1037 3625 1165 3710 ἀλόγου
1195 3626 1253 3691 mi

164 3727 412 3811 ἀπροσδοκήτου
432 3738 608 3819 σοπηρίας,
629 3731 749 3797 deinde
770 3747 835 3795 non
856 3731 973 3812 video,
992 3749 1050 3796 eur
1071 3729 1136 3795 hoe
1157 3724 1254 3795 addi·

165 3838 233 3895 tom
254 3830 316 3894 sit:
338 3848 398 3897 eos
418 3832 586 3917 inopinato
606 3851 685 3898 usos
707 3848 786 3898 esse
807 3833 947 3920 fortune,
968 3851 1040 3897 com
1061 3836 1258 3897 momentum

164 3931 273 4015 potios
292 3932 328 3996 in
348 3950 389 3999 eo
409 3934 548 4019 positum
569 3935 625 4013 sit,
652 3951 712 3999 eos
731 3933 889 4000 affinitate
902 3933 1063 3999 Artabani
1075 3952 1158 4000 neon
1171 3946 1258 3999 esse·

165 4031 246 4097 Mihi
270 4032 374 4117 igitur·
390 4031 633 4102 Demosthenes
655 4052 719 4101 neo
744 4035 845 4101 verbo
871 4034 928 4101 ilio
955 4039 990 4098 ot
1016 4035 1183 4113 κηδεσταὶ,
1198 4032 1259 4097 τοῦ
