2580 4514
502 130 562 192 -’
619 145 662 208 aa
736 177 778 192 -
897 100 911 113 ”
1045 198 1054 232 ,

89 326 163 373 non
185 307 368 386 offendent,
399 301 472 374 enm
492 310 538 375 sit
559 332 623 378 non
644 311 816 397 isocratis,
851 262 913 376 sed
945 306 1183 397 'theophylacti

91 409 246 497 epistola.
289 407 364 475 Vid.
383 403 470 475 Bait.
491 415 524 477 et
542 409 663 498 Saupp.
683 411 823 496 praelat
842 410 885 477 ad
905 412 1010 478 lsoer.
1031 433 1062 498 p.
1083 409 1141 477 vl.
1266 482 1268 486 ,

182 544 239 612 Ex
263 545 305 611 iis
326 547 439 632 igitur,
469 565 553 632 qnae
580 545 633 612 hie
660 544 803 631 pluribus
829 547 938 611 verbis
963 546 1006 612 de
1034 546 1125 612 hiatu
1149 549 1184 613 in

94 642 257 712 Isocratis
279 646 476 712 orationibus
498 653 533 713 et
554 646 702 732 epistolis
724 645 892 730 disputata
913 655 1002 725 sunt,
1030 644 1063 712 id
1077 653 1184 732 ‘pate-

96 744 164 831 bit,
208 743 388 813 Isocratem
409 750 443 813 in
464 747 664 814 orationibus
685 745 933 813 demonstrativi
956 755 991 813 et
1020 748 1184 815 delibera-

95 844 318 932 origenem,
339 848 386 914 uti
407 851 504 915 etiam
525 849 557 913 in
579 830 872 933 epistolis‘hiatnm
894 850 1019 914 summa
1038 868 1107 915 oum
1130 851 1184 916 di-

93 945 235 1030 ligentia
254 950 406 1015 evitasse
428 955 463 1016 et
485 969 568 1036 quae
589 968 631 1014 ex
654 955 734 1014 orat.
747 947 789 1012 ad
803 947 1011 1014 Demonienm
1032 956 1067 1016 et
1088 952 1184 1037 epist.

96 1044 158 1112 lv.
179 1053 216 1112 et
237 1045 278 1119 X.
292 1056 444 1135 poterant
465 1051 593 1135 opponi,
614 1049 723 1135 potius
743 1049 839 1114 fidem
861 1049 971 1115 faeere
988 1054 1183 1130 sententiae,

96 1147 257 1234 epistolas
286 1149 347 1216 has
374 1169 437 1216 non
466 1169 543 1216 esse
559 1146 772 1238 'lsoer‘ateas,
802 1150 978 1216 orationem
1006 1137 1113 1216 antem
1141 1153 1184 1218 ad

84 1246 308 1315 'Demonicum
336 1257 426 1317 certe
454 1251 562 1316 multis
591 1251 706 1320 alienis
745 1251 921 1316 sententiis
950 1270 1028 1317 esse
1055 1258 1182 1319 anetam

95 1367 205 1436 neque
231 1351 301 1429 ita,
337 1351 385 1416 nti
411 1369 495 1416 nuno
524 1369 595 1416 enm
622 1350 798 1415 habeamus
812 1396 822 1429 ,
857 1353 897 1416 ab
926 1348 1074 1419 Isocrate
1103 1373 1183 1439 pro-

94 1450 227 1518 settam.
291 1451 330 1518 In
359 1453 557 1518 orationibus
582 1450 746 1535 judicialis
772 1452 905 1535 generis
939 1451 1078 1537 deniqne
1107 1452 1184 1518 lso-

93 1556 219 1623 oratam
253 1552 299 1617 ita
328 1572 405 1620 esse
435 1559 603 1618 versatum
626 1552 811 1637 intelligeS,
844 1558 879 1615 ut
904 1551 1026 1616 hiatum
1054 1552 1189 1638 quidem'

96 1652 240 1737 fugeret,
259 1653 318 1718 sed
338 1672 401 1718 non
415 1654 550 1720 multum
567 1653 664 1739 studii
678 1653 712 1717 in
726 1671 764 1718 eo
786 1657 931 1736 poneret,
949 1657 985 1715 nt
997 1669 1040 1716 ne
1057 1652 1091 1717 in
1102 1670 1183 1718 sen-

94 1753 274 1819 tentiarum
306 1754 369 1819 line
407 1755 533 1820 vocalis
559 1757 676 1840 esset,
721 1772 815 1839 quam
848 1753 880 1818 in
908 1753 1014 1818 altera
1041 1759 1180 1820 senteu-

96 1857 144 1921 tia
166 1855 292 1921 vocalis
317 1848 504 1941 exciperet,
524 1832 650 1921 'minus
673 1854 771 1920 etiam
793 1851 892 1918 studii
913 1855 946 1918 in
975 1873 1030 1934 eo,
1078 1861 1113 1918 nt
1141 1875 1183 1921 ne

93 1956 276 2042 particulae
300 1956 455 2042 quaedam
479 1956 704 2030 necessariae,
727 1955 774 2018 nti
796 1955 892 2019 etiam
915 1956 1084 2042 articulus,
1108 1956 1182 2023 hia·

93 2070 163 2123 tum
194 2057 375 2145 ellieerent3
420 2058 580 2122 minimum
601 2054 741 2140 deniqne
762 2054 901 2139 studium
923 2055 956 2120 in
978 2075 1033 2147 eo,
1078 2063 1112 2122 nt
1140 2076 1182 2124 ne

91 2158 314 2246 apostrophus
336 2156 536 2244 lnequebtius
567 2156 775 2222 adhiberetur
797 2162 830 2220 et
852 2156 1010 2241 quaedam
1025 2160 1184 2224 termina-

92 2262 204 2327 tiones
225 2259 397 2333 verbornm
419 2258 539 2323 breves
561 2257 692 2340 saepius
715 2254 920 2341 eliderentur.
964 2256 1054 2338 Quae
1076 2266 1183 2331 autem
1231 2274 1237 2287 '

92 2378 139 2429 ex
162 2360 361 2426 orationibns
382 2358 590 2444 Trapezitiea
612 2363 646 2421 et
673 2357 707 2420 in
736 2353 922 2440 Euthynnm
950 2364 1114 2445 poterant¹
1131 2361 1183 2426 al-

91 2462 175 2529 ferri
196 2460 344 2546 exempla
365 2459 540 2526 foediorem
562 2459 722 2536 histrum,
757 2475 798 2522 ea
819 2459 866 2524 ita
888 2478 965 2525 esse
987 2462 1182 2546 explicanda

92 2563 320 2630 demonstrare
343 2568 478 2627 conatos
500 2580 587 2640 sum,
629 2565 665 2623 ut
687 2558 814 2624 omnino
837 2559 897 2624 has
919 2562 1183 2628 orationeslso—
1227 2634 1230 2639 ,

93 2671 228 2732 orateas
246 2681 322 2730 esse
345 2681 514 2747 negarem,
549 2665 640 2726 certe
662 2679 683 2724 a
705 2659 858 2724 tollendis
882 2661 933 2725 his
955 2668 987 2726 et
1010 2663 1086 2727 aliis
1108 2663 1181 2729 hia-

93 2767 181 2834 tibus
193 2768 226 2839 in
239 2766 305 2830 illis
321 2763 520 2829 orationibus
533 2761 660 2827 omnino
674 2759 902 2837 abstinendum
922 2781 1001 2828 esse
1021 2760 1181 2828 ducerem.

180 2896 273 2980 Quod
296 2902 401 2962 autem
423 2897 550 2981 singula
571 2894 697 2974 attinet,
719 2893 858 2960 maxime
880 2894 922 2961 ad
944 2895 1181 2964 doetrinamde
1227 2980 1231 2987 ἱ

93 3000 235 3069 elisione
257 3005 291 3065 et
312 2998 398 3065 crasi
425 2997 640 3083 pertinentia,
682 3013 723 3060 ea
750 2996 920 3064 maximam
951 3005 1078 3083 partem
1106 3007 1183 3065 sunt

85 3104 157 3186 iam
178 3100 370 3187 significata.
415 3098 529 3164 Facile
560 3104 651 3164 certe
679 3114 722 3161 ex
751 3096 910 3183 exemplis
938 3099 1054 3185 partim
1083 3119 1182 3187 sopra
1252 3144 1258 3159 ,

91 3201 205 3269 allatis
224 3201 344 3287 poterit
366 3199 598 3289 demonstrari:

176 3337 324 3401 Literam
344 3357 368 3398 a
389 3333 467 3400 elidi
488 3334 521 3398 in
542 3334 838 3423 praepositionibus
860 3331 933 3416 drot,
954 3333 1057 3418 κατὰ,
1089 3333 1181 3418 μετὰ,

89 3432 182 3526 appol
204 3443 239 3502 et
259 3438 357 3509 tuane,
375 3441 426 3516 (r.
448 3436 572 3520 Areop.
602 3435 698 3523 150,
721 3434 802 3516 53.)
834 3435 956 3502 deinde
982 3437 1015 3501 in
1036 3437 1182 3522 partion-

90 3533 289 3625 beream,
314 3524 382 3624 ἆρα
410 3537 469 3618 (de
497 3535 576 3601 Pae.
608 3533 703 3622 162,
735 3533 797 3601 19.
827 3543 862 3602 et
890 3541 996 3621 saep.)
1027 3535 1094 3625 ἄρα
1124 3538 1181 3619 (ib.

93 3635 192 3718 172,
230 3633 294 3723 66.
331 3643 366 3702 et
392 3636 500 3725 saep.)
536 3637 607 3703 εἶτα
639 3637 784 3720 (Paneg.
822 3635 892 3719 64,
931 3635 1039 3717 113.)
1074 3643 1181 3705 ἔπειτα

89 3736 218 3825 (Evag.
242 3733 333 3818 196,
357 3735 437 3818 38.)
457 3741 606 3805 ἐνταῦθα
628 3738 689 3818 [ad
704 3738 831 3802 Niconl.
858 3737 919 3818 16,
941 3737 996 3819 9.)
1017 3740 1082 3818 abo,
1098 3737 1180 3826 σφό-

86 3842 154 3925 δρα
175 3847 211 3906 et
231 3838 330 3918 τάχα.
376 3841 459 3906 Tum
479 3841 512 3906 in
534 3839 718 3906 adverbiis:
734 3836 876 3926 ἄριστα,
896 3837 1029 3919 ἥδιστα,
1051 3837 1179 3932 ἥκιστα,

84 3936 266 4020 κάλλιστα,
293 3938 453 4022 μάλιστα,
482 3944 617 4007 πλεῖστα
649 3946 684 4005 et
710 3937 859 4017 τάχιστα.
903 3942 943 4006 ln
961 3942 1180 4009 numeralibus

82 4043 184 4124 δέκα,
206 4038 445 4127 ἑβδομήκοντα,
465 4039 679 4123 πεντήκοντα,
700 4038 892 4130 τριάκοντα,
913 4041 1028 4131 quihus
1050 4059 1092 4108 ex
1113 4042 1178 4111 ad·
