2564 4508
162 285 271 353 attulit
291 283 332 350 de
354 282 467 347 mortis
488 286 595 366 metu,
618 281 715 346 etiam
738 279 780 347 de
802 279 913 345 labore
934 283 971 343 et
990 276 1105 345 morbo
1126 280 1170 347 ab
1189 276 1247 347 liu

163 387 268 473 ripide
289 386 379 452 dicta
399 402 478 448 esse
496 388 623 447 censet.
1218 402 1241 417 ···

248 486 287 550 lo
314 484 397 549 libro
424 483 472 549 de
498 482 722 557 auditione
757 482 832 547 sive
861 480 911 545 de
942 484 1064 547 rec'ta
1093 484 1244 551 rationi

163 584 358 652 audiendi
379 590 516 670 quatuor
537 584 741 669 reperiuntur
761 582 912 647 biatus”
892 600 978 667 nque
1000 582 1162 664 ejusmodi
1175 596 1244 671 quo't
1279 613 1282 626 ·

162 687 261 753 facile
275 686 434 771 corrigas,
457 704 563 770 neque
576 685 681 749 minus
704 683 733 748 si
755 683 816 748 boc
837 682 932 761 nolis,
953 682 1243 770 plerumqueexco-

164 807 232 854 ses.
277 785 386 851 Veluti
413 806 441 850 c.
465 786 506 849 11.
532 783 594 850 38.
619 804 645 850 c.
675 786 708 849 in
740 783 873 849 vorbisz
916 785 983 849 daci
1009 779 1127 867 ‹iu-ys
1142 782 1243 871 'crinio

164 883 351 973 ἀκροάσεως
378 882 605 969 ἀπειργόμενος
637 881 774 978 ὁ,νεός,Ι
813 883 971 951 vocalium
999 888 1242 953 concursumin

163 987 331 1073 particulis
351 981 477 1050 facilius
499 987 596 1051 etiam
616 986 810 1070 excusabis,
854 984 929 1069 quia
950 990 1028 1070 post
1055 988 1124 1079 duab
1153 1006 1243 1075 pausa

163 1094 272 1153 estet
305 1106 326 1152 a
356 1086 527 1170 Wyttcnb.
559 1087 806 1171 interpunctom.
872 1083 991 1151 Potest
1019 1092 1128 1155 tamen
1155 1090 1242 1155 etiam
1277 1153 1282 1163 ,,

163 1184 262 1270 ὲνείγ’
288 1183 475 1272 inscribi,
505 1187 552 1252 ita
574 1193 610 1252 ut
632 1187 714 1251 baec
735 1187 988 1272 conjungantur,
1021 1185 1064 1253 de
1088 1206 1151 1274 quo
1173 1208 1242 1275 par·

163 1289 219 1354 tic.
249 1309 308 1354 usu
339 1287 380 1352 ci.
410 1287 570 1371 Hartung.
607 1286 649 1351 de
676 1293 759 1381 part.
788 1307 837 1370 gr.
859 1285 888 1362 1,
923 1283 1242 1371 p.407.·c.v11.
1274 1296 1277 1301 '

162 1396 233 1474 (ap.
259 1389 351 1453 Hutt.
375 1387 434 1467 V.)
456 1386 520 1453 40.
543 1389 565 1453 f.
588 1389 622 1451 in
644 1388 777 1453 verbis:
821 1388 867 1468 τῷ
894 1389 1017 1473 τοίνυν.
1031 1398 1242 1478 καταφρονεῖν

162 1488 201 1554 τὸ
224 1487 407 1570 θαυμάζειν
428 1486 664 1570 ἀντικειμενον,
706 1484 1004 1572 εὐγνωμονεστέρας
1023 1495 1085 1568 μέν
1104 1486 1241 1568 εστι-δὴ·

163 1613 226 1655 που
247 1592 304 1654 καὶ
324 1587 524 1676 ἡμερωτέρας
545 1586 691 1675 φύσεως,
721 1589 824 1653 δεῖται
844 1611 881 1669 γε
894 1585 964 1669 ,μὴν
985 1586 1057 1653 οὐδ’
1088 1586 1172 1657 αὐτὸ
1195 1613 1240 1671 μι-

162 1692 242 1774 κρᾶς
263 1687 452 1772 εὐλαβείας,
486 1687 576 1766 τάχα
598 1690 632 1752 dt
652 1689 709 1752 καὶ
730 1689 891 1769 μείζονος,
925 1684 992 1770 ὅσοι
1015 1693 1049 1753 οἱ
1068 1692 1129 1771 μὲν
1149 1712 1239 1757 κατα-

163 1792 353 1879 φρονητικοὶ
374 1791 431 1853 καὶ
453 1789 593 1873 θρασεῖς
613 1778 711 1865 ἧττον
732 1785 934 1874 ὠφελοῦνται
961 1785 1024 1853 ὑπὸ
1047 1792 1119 1865 ,τῶν
1145 1786 1238 1873 λεγόν-

161 1913 243 1960 τοιν,
283 1893 316 1953 οἱ
344 1890 378 1953 δὲ
407 1889 634 1968 θαυμαστικοὶ
661 1892 716 1953 καὶ
746 1887 866 1953 ἄκακοι
887 1891 1013 1969 μᾶλλον
1032 1888 1235 1973 didam·
1280 1931 1282 1940 ‚

161 1989 298 2054 Vulcob.
311 1989 341 2053 si
348 1989 522 2072 Wyttcnb.
537 1990 684 2074 sequeris
699 1990 799 2055 babet
819 1987 861 2065 ὠς
873 1993 906 2055 οἱ
918 1991 976 2070 μὲν
992 1988 1068 2076 γὰρ,
1082 1992 1115 2063 si
1129 1990 1191 2057 ind
1197 2008 1236 2077 gr.

163 2091 221 2155 iat.
235 2087 302 2171 ὅσῳ
316 2093 349 2153 οἱ
363 2091 420 2169 μὲν
440 2086 514 2174 γὰρ.
538 2088 617 2154 Coti
635 2090 677 2153 D.
691 2091 873 2174 praebebat
884 2091 942 2170 μὲν
953 2087 1033 2175 γὰρ,
1058 2090 1238 2169 Harl-aiunl
1275 2094 1279 2121 ¹

161 2191 230 2274 μὲν,
252 2188 335 2255 Coll.
353 2191 438 2254 Nov.
462 2184 534 2255 ὅσοι
555 2191 623 2272 μὲν,
646 2190 728 2255 Ven.
750 2187 832 2257 ὅσοι.
876 2187 956 2259 Cum
974 2191 1238 2276 wyttenbachius
1278 2231 1282 2252 ι

161 2289 316 2356 defendat
338 2291 512 2375 vulgatam,
535 2310 597 2375 ego
619 2291 746 2355 minime
768 2310 893 2374 negans
915 2293 1067 2359 beneito
1089 2292 1154 2357 dici
1174 2310 1236 2377 pos·
1279 2325 1282 2350 ,-

161 2410 218 2475 se,
264 2409 394 2456 causam
416 2397 527 2457 tamen
548 2393 730 2477 inquirens,
776 2392 861 2459 ande
891 2393 1023 2459 codices
1044 2393 1094 2459 ita
1114 2395 1237 2475 varient,

160 2493 310 2576 suspicor
331 2493 405 2557 olim
431 2493 586 2579 scriptum
608 2494 726 2579 luissc‚=
743 2494 790 2557 uti
812 2494 845 2557 in
867 2493 933 2562 ind.
954 2500 1020 2569 est,
1040 2494 1138 2563 modo
1158 2494 1237 2561 aiter

156 2596 429 2679 interpungatur:
471 2594 615 2675 μειζονος
634 2589 711 2673 ὅσοι.
742 2597 774 2657 οἱ
794 2595 851 2675 μὲν
871 2592 947 2679 γαρ.
992 2591 1164 2675 Quatenus
1182 2588 1236 2674 brit)

159 2696 208 2759 sic
228 2694 270 2760 ad
293 2693 535 2779 comparativus
564 2693 727 2770 addatur,
759 2686 881 2761 'disces
909 2714 952 2761 cx
982 2695 1100 2759 Mattio.
1124 2692 1181 2761 Gr.
1197 2712 1236 2777 gr.

158 2793 251 2859 445.
280 2813 307 2858 c.
371 2794 437 2860 Pro
465 2791 669 2879 ὠφελοῦνται
703 2794 822 2860 deinde
855 2797 974 2881 poterit
1005 2788 1140 2877 conjici
1162 2792 1237 2880 ὠφε-

160 2891 268 2959 λοῖμί
294 2896 313 2957 i.
336 2914 363 2959 c.
386 2892 572 2980 ὠφελοῦντο
595 2913 634 2960 ea
657 2897 712 2973 vi,
740 2903 776 2959 ut
798 2897 858 2960 sita
893 2903 1137 2981 contemptores
1157 2892 1237 2963 iniis
1256 2897 1260 2903 '

157 3013 242 3080 quae
263 2995 478 3082 antecedant,
498 2995 602 3059 minus
624 2995 774 3060 utilitatis
794 2995 953 3061 audiendo
975 2997 1040 3063 sibi
1061 3010 1238 3082 comparare
1274 2996 1278 3011 “

158 3094 360 3174 dicebamus
383 3096 429 3160 uti
451 3114 511 3161 nos
534 3116 659 3181 quoque
682 3094 836 3161 dicimus:
859 3097 913 3161 die
935 3099 1108 3163 vorlauten
1131 3095 1239 3165 Tadlcr

158 3196 274 3260 hatten
291 3196 390 3274 [nach
407 3215 523 3260 unsrer
538 3195 766 3280 Darstellung]
782 3198 930 3280 weniger
945 3198 1096 3264 Vortbeil
1108 3196 1239 3267 vondcn

158 3294 396 3382 Vorlesungen‚
417 3295 470 3360 die
492 3296 644 3380 arglosen
676 3298 879 3363 Beivnodrer
907 3299 987 3363 aber
1014 3300 1122 3365 baben
1151 3314 1239 3383 sagit

157 3394 343 3460 Nacbtheil.
385 3396 435 3461 lb.
457 3393 522 3462 41.
539 3397 568 3460 b.
592 3397 711 3462 verba:
733 3394 776 3473 ὡς
796 3396 861 3482 γὰρ
883 3401 1025 3479 πολέμου
1046 3392 1238 3481 καὶακροά-

157 3520 236 3570 σεως
258 3493 364 3560 πολλα
384 3494 428 3560 τὰ
448 3492 526 3561 κενοὲ
548 3504 616 3561 ἐστι
638 3499 889 3582 proverbialiter
919 3518 998 3565 esse
1020 3499 1111 3567 (licia
1141 3496 1240 3566 (loculi

157 3596 332 3681 Wyttcnb.
355 3597 398 3661 ad
420 3597 448 3661 b.
472 3598 493 3660 l.
538 3596 666 3661 Poterit
688 3599 786 3682 igitur
808 3599 917 3664 hiatus
939 3601 1104 3665 excusari.
1147 3600 1185 3665 ln
1203 3596 1240 3661 iis

157 3703 264 3762 tamen
290 3695 372 3760 locis
391 3716 473 3781 qnos
493 3697 729 3782 Wyttcnbnch.
753 3700 880 3786 attulit,
922 3704 1012 3762 sorra
1032 3718 1096 3765 non
1120 3700 1239 3785 iegitur,

153 3797 251 3882 idque
272 3797 306 3860 in
328 3797 501 3880 proverbio
523 3816 604 3862 sane
627 3799 737 3884 aptius
759 3801 878 3865 abesse
902 3797 1042 3864 videtur.
1158 3816 1161 3821 ·

228 3898 265 3962 ln
278 3896 360 3961 libro
382 3895 430 3961 de
452 3895 685 3963 adulatoris
708 3904 747 3963 et
770 3901 890 3967 amici
913 3899 1164 3987 discrimine
1179 3918 1241 3967 sca

155 4003 277 4063 tantum
297 3998 481 4065 numerabis
504 3999 627 4081 bintus,
650 4019 692 4064 ex
716 4000 830 4085 quibus
853 4004 989 4085 quatuor
1010 3998 1164 4071 librorum
1184 4016 1242 4087 ope
