<?xml version="1.0" encoding="UTF-8"?>
<!DOCTYPE html PUBLIC "-//W3C//DTD XHTML 1.0 Transitional//EN"
    "http://www.w3.org/TR/xhtml1/DTD/xhtml1-transitional.dtd">
<html xmlns="http://www.w3.org/1999/xhtml" xml:lang="en" lang="en">
 <head>
  <title>
</title>
<meta http-equiv="Content-Type" content="text/html;charset=utf-8" />
  <meta name='ocr-system' content='tesseract 3.04.00' />
  <meta name='ocr-capabilities' content='ocr_page ocr_carea ocr_par ocr_line ocrx_word'/>
</head>
<body>
  <div class='ocr_page' id='page_1' title='image "./dehiatuinorator01bensgoog_0037.png"; bbox 0 0 2564 4508; ppageno 0'>
   <div class='ocr_carea' id='block_1_1' title="bbox 478 237 753 353">
    <p class='ocr_par' dir='ltr' id='par_1_1' title="bbox 478 237 753 353">
     <span class='ocr_line' id='line_1_1' title="bbox 478 237 753 353; baseline 0.015 -72"><span class='ocrx_word' id='word_1_1' title='bbox 478 237 753 353; x_wconf 52' lang='lat'>..¹5-</span> 
     </span>
    </p>
   </div>
   <div class='ocr_carea' id='block_1_2' title="bbox 66 372 1267 994">
    <p class='ocr_par' dir='ltr' id='par_1_2' title="bbox 66 372 1220 691">
     <span class='ocr_line' id='line_1_2' title="bbox 67 372 1162 486; baseline 0.003 -19"><span class='ocrx_word' id='word_1_2' title='bbox 67 401 158 479; x_wconf 74' lang='lat' dir='ltr'>det,</span> <span class='ocrx_word' id='word_1_3' title='bbox 180 398 259 486; x_wconf 84' lang='lat' dir='ltr'>quid</span> <span class='ocrx_word' id='word_1_4' title='bbox 279 405 524 486; x_wconf 83' lang='lat' dir='ltr'>sequamr‚·uo</span> <span class='ocrx_word' id='word_1_5' title='bbox 545 407 762 468; x_wconf 81' lang='lat' dir='ltr'>extremorum</span> <span class='ocrx_word' id='word_1_6' title='bbox 783 372 955 469; x_wconf 72' lang='lat' dir='ltr'>verborum</span> <span class='ocrx_word' id='word_1_7' title='bbox 976 419 1047 468; x_wconf 86' lang='lat' dir='ltr'>cum</span> <span class='ocrx_word' id='word_1_8' title='bbox 1068 403 1162 473; x_wconf 83' lang='lat' dir='ltr'>inse·</span> 
     </span>
     <span class='ocr_line' id='line_1_3' title="bbox 67 495 1220 588; baseline 0.003 -22"><span class='ocrx_word' id='word_1_9' title='bbox 67 495 247 588; x_wconf 79' lang='lat' dir='ltr'>queuntibus</span> <span class='ocrx_word' id='word_1_10' title='bbox 267 498 578 588; x_wconf 63' lang='lat' dir='ltr'>primisrconeursus</span> <span class='ocrx_word' id='word_1_11' title='bbox 600 503 803 571; x_wconf 77' lang='lat' dir='ltr'>aut‘lrinloas</span> <span class='ocrx_word' id='word_1_12' title='bbox 825 521 930 569; x_wconf 88' lang='lat' dir='ltr'>voces</span> <span class='ocrx_word' id='word_1_13' title='bbox 958 501 1078 568; x_wconf 84' lang='lat' dir='ltr'>eliciat</span> <span class='ocrx_word' id='word_1_14' title='bbox 1104 510 1163 569; x_wconf 87' lang='lat' dir='ltr'>aut</span> <span class='ocrx_word' id='word_1_15' title='bbox 1217 573 1220 577; x_wconf 74' lang='grc'>,</span> 
     </span>
     <span class='ocr_line' id='line_1_4' title="bbox 66 601 1162 691; baseline 0.001 -22"><span class='ocrx_word' id='word_1_16' title='bbox 66 601 219 688; x_wconf 72' lang='lat' dir='ltr'>asperus.</span> <span class='ocrx_word' id='word_1_17' title='bbox 262 601 422 676; x_wconf 74' lang='lat' dir='ltr'>Quamvis</span> <span class='ocrx_word' id='word_1_18' title='bbox 442 604 527 689; x_wconf 77' lang='lat' dir='ltr'>euim</span> <span class='ocrx_word' id='word_1_19' title='bbox 548 622 670 671; x_wconf 82' lang='lat' dir='ltr'>suaves</span> <span class='ocrx_word' id='word_1_20' title='bbox 688 606 875 690; x_wconf 78' lang='lat' dir='ltr'>&#39;gravesque</span> <span class='ocrx_word' id='word_1_21' title='bbox 888 604 1085 691; x_wconf 84' lang='lat' dir='ltr'>sententiae,</span> <span class='ocrx_word' id='word_1_22' title='bbox 1107 609 1162 670; x_wconf 83' lang='lat' dir='ltr'>ta·</span> 
     </span>
    </p>

    <p class='ocr_par' dir='ltr' id='par_1_3' title="bbox 68 702 1267 994">
     <span class='ocr_line' id='line_1_5' title="bbox 68 702 1267 788; baseline 0.001 -20"><span class='ocrx_word' id='word_1_23' title='bbox 68 719 147 768; x_wconf 88' lang='lat' dir='ltr'>rnen</span> <span class='ocrx_word' id='word_1_24' title='bbox 166 703 198 768; x_wconf 87' lang='lat' dir='ltr'>si</span> <span class='ocrx_word' id='word_1_25' title='bbox 216 702 394 769; x_wconf 86' lang='lat' dir='ltr'>inconditis</span> <span class='ocrx_word' id='word_1_26' title='bbox 416 705 529 770; x_wconf 87' lang='lat' dir='ltr'>verbis</span> <span class='ocrx_word' id='word_1_27' title='bbox 549 708 743 785; x_wconf 80' lang='lat' dir='ltr'>efferantur,</span> <span class='ocrx_word' id='word_1_28' title='bbox 764 703 929 770; x_wconf 77' lang='lat' dir='ltr'>offendent</span> <span class='ocrx_word' id='word_1_29' title='bbox 949 722 1058 783; x_wconf 83' lang='lat' dir='ltr'>aures,</span> <span class='ocrx_word' id='word_1_30' title='bbox 1079 704 1185 788; x_wconf 74' lang='lat' dir='ltr'>qua-¹</span> <span class='ocrx_word' id='word_1_31' title='bbox 1263 761 1267 769; x_wconf 91' lang='lat'><em>.</em></span> 
     </span>
     <span class='ocr_line' id='line_1_6' title="bbox 68 802 1190 890; baseline 0.001 -21"><span class='ocrx_word' id='word_1_32' title='bbox 68 822 142 869; x_wconf 81' lang='lat' dir='ltr'>rum</span> <span class='ocrx_word' id='word_1_33' title='bbox 164 808 217 869; x_wconf 83' lang='lat' dir='ltr'>est</span> <span class='ocrx_word' id='word_1_34' title='bbox 232 802 387 886; x_wconf 81' lang='lat' dir='ltr'>judicium</span> <span class='ocrx_word' id='word_1_35' title='bbox 407 806 684 890; x_wconf 75' lang='lat' dir='ltr'>superbissimum.</span> <span class='ocrx_word' id='word_1_36' title='bbox 728 806 793 872; x_wconf 88' lang='lat' dir='ltr'>llis</span> <span class='ocrx_word' id='word_1_37' title='bbox 813 804 918 872; x_wconf 75' lang='lat' dir='ltr'>addas</span> <span class='ocrx_word' id='word_1_38' title='bbox 939 805 1043 872; x_wconf 85' lang='lat' dir='ltr'>verba</span> <span class='ocrx_word' id='word_1_39' title='bbox 1056 803 1161 885; x_wconf 76' lang='lat' dir='ltr'>Quin-</span> <span class='ocrx_word' id='word_1_40' title='bbox 1187 854 1190 861; x_wconf 83' lang='lat'>.</span> 
     </span>
     <span class='ocr_line' id='line_1_7' title="bbox 69 860 1237 994; baseline -0.006 -23"><span class='ocrx_word' id='word_1_41' title='bbox 69 903 176 971; x_wconf 78' lang='lat' dir='ltr'>tilicui</span> <span class='ocrx_word' id='word_1_42' title='bbox 195 903 307 969; x_wconf 84' lang='lat' dir='ltr'>instit.</span> <span class='ocrx_word' id='word_1_43' title='bbox 329 901 424 971; x_wconf 79' lang='lat' dir='ltr'>(irat.</span> <span class='ocrx_word' id='word_1_44' title='bbox 439 894 505 973; x_wconf 67' lang='lat' dir='ltr'>W·</span> <span class='ocrx_word' id='word_1_45' title='bbox 533 925 563 972; x_wconf 90' lang='lat' dir='ltr'>e.</span> <span class='ocrx_word' id='word_1_46' title='bbox 585 907 645 972; x_wconf 87' lang='lat' dir='ltr'>IV.</span> <span class='ocrx_word' id='word_1_47' title='bbox 674 905 707 994; x_wconf 69' lang='lat' dir='ltr'>s.</span> <span class='ocrx_word' id='word_1_48' title='bbox 732 905 784 972; x_wconf 78' lang='lat'>83</span> <span class='ocrx_word' id='word_1_49' title='bbox 808 912 842 974; x_wconf 90' lang='lat' dir='ltr'>et</span> <span class='ocrx_word' id='word_1_50' title='bbox 864 905 928 971; x_wconf 75' lang='lat'>84.</span> <span class='ocrx_word' id='word_1_51' title='bbox 971 905 1160 984; x_wconf 81' lang='lat' dir='ltr'>„Voealium</span> <span class='ocrx_word' id='word_1_52' title='bbox 1182 860 1237 964; x_wconf 58' lang='lat' dir='ltr'>IX</span> 
     </span>
    </p>
   </div>
   <div class='ocr_carea' id='block_1_3' title="bbox 58 1005 1272 4224">
    <p class='ocr_par' dir='ltr' id='par_1_4' title="bbox 66 1005 1272 1396">
     <span class='ocr_line' id='line_1_8' title="bbox 68 1005 1239 1093; baseline 0.001 -22"><span class='ocrx_word' id='word_1_53' title='bbox 68 1020 267 1085; x_wconf 75' lang='lat' dir='ltr'>consumas,</span> <span class='ocrx_word' id='word_1_54' title='bbox 308 1005 363 1092; x_wconf 88' lang='lat' dir='ltr'>qui</span> <span class='ocrx_word' id='word_1_55' title='bbox 389 1024 460 1071; x_wconf 87' lang='lat' dir='ltr'>curn</span> <span class='ocrx_word' id='word_1_56' title='bbox 488 1006 626 1086; x_wconf 85' lang='lat' dir='ltr'>accidit,</span> <span class='ocrx_word' id='word_1_57' title='bbox 668 1008 738 1074; x_wconf 80' lang='lat' dir='ltr'>hiat</span> <span class='ocrx_word' id='word_1_58' title='bbox 757 1014 795 1074; x_wconf 87' lang='lat' dir='ltr'>et</span> <span class='ocrx_word' id='word_1_59' title='bbox 812 1007 992 1072; x_wconf 81' lang='lat' dir='ltr'>intersistit</span> <span class='ocrx_word' id='word_1_60' title='bbox 1012 1014 1047 1074; x_wconf 85' lang='lat' dir='ltr'>et</span> <span class='ocrx_word' id='word_1_61' title='bbox 1068 1007 1162 1093; x_wconf 83' lang='lat' dir='ltr'>quasi</span> <span class='ocrx_word' id='word_1_62' title='bbox 1228 1046 1239 1061; x_wconf 86' lang='lat'>.-</span> 
     </span>
     <span class='ocr_line' id='line_1_9' title="bbox 68 1092 1161 1200; baseline 0.001 -29"><span class='ocrx_word' id='word_1_63' title='bbox 68 1106 199 1173; x_wconf 82' lang='lat' dir='ltr'>laborat</span> <span class='ocrx_word' id='word_1_64' title='bbox 226 1107 342 1172; x_wconf 90' lang='lat' dir='ltr'>oratio.</span> <span class='ocrx_word' id='word_1_65' title='bbox 383 1105 534 1200; x_wconf 72' lang='lat' dir='ltr'>Pessime</span> <span class='ocrx_word' id='word_1_66' title='bbox 562 1109 702 1194; x_wconf 74' lang='lat' dir='ltr'>longae.</span> <span class='ocrx_word' id='word_1_67' title='bbox 734 1092 817 1194; x_wconf 75' lang='lat' dir='ltr'>quae</span> <span class='ocrx_word' id='word_1_68' title='bbox 845 1107 980 1175; x_wconf 83' lang='lat' dir='ltr'>easdem</span> <span class='ocrx_word' id='word_1_69' title='bbox 1007 1107 1095 1172; x_wconf 86' lang='lat' dir='ltr'>inter</span> <span class='ocrx_word' id='word_1_70' title='bbox 1122 1125 1161 1172; x_wconf 86' lang='lat' dir='ltr'>se</span> 
     </span>
     <span class='ocr_line' id='line_1_10' title="bbox 66 1207 1272 1295; baseline 0 -22"><span class='ocrx_word' id='word_1_71' title='bbox 66 1208 186 1273; x_wconf 80' lang='lat' dir='ltr'>literas</span> <span class='ocrx_word' id='word_1_72' title='bbox 199 1209 411 1295; x_wconf 84' lang='lat' dir='ltr'>committunt,</span> <span class='ocrx_word' id='word_1_73' title='bbox 430 1209 603 1278; x_wconf 84' lang='lat' dir='ltr'>sonabunt.</span> <span class='ocrx_word' id='word_1_74' title='bbox 646 1209 850 1294; x_wconf 78' lang='lat' dir='ltr'>Praecipuus</span> <span class='ocrx_word' id='word_1_75' title='bbox 871 1215 979 1274; x_wconf 89' lang='lat' dir='ltr'>tamen</span> <span class='ocrx_word' id='word_1_76' title='bbox 999 1207 1066 1272; x_wconf 88' lang='lat' dir='ltr'>erit</span> <span class='ocrx_word' id='word_1_77' title='bbox 1086 1207 1161 1273; x_wconf 77' lang='lat' dir='ltr'>luis-</span> <span class='ocrx_word' id='word_1_78' title='bbox 1270 1210 1272 1217; x_wconf 89' lang='lat'>&#39;</span> 
     </span>
     <span class='ocr_line' id='line_1_11' title="bbox 67 1309 1159 1396; baseline -0.002 -22"><span class='ocrx_word' id='word_1_79' title='bbox 67 1316 124 1375; x_wconf 84' lang='lat' dir='ltr'>tos</span> <span class='ocrx_word' id='word_1_80' title='bbox 154 1328 283 1389; x_wconf 84' lang='lat' dir='ltr'>eoram,</span> <span class='ocrx_word' id='word_1_81' title='bbox 310 1328 394 1395; x_wconf 88' lang='lat' dir='ltr'>quae</span> <span class='ocrx_word' id='word_1_82' title='bbox 416 1327 504 1376; x_wconf 90' lang='lat' dir='ltr'>eavo</span> <span class='ocrx_word' id='word_1_83' title='bbox 521 1315 578 1376; x_wconf 90' lang='lat' dir='ltr'>aut</span> <span class='ocrx_word' id='word_1_84' title='bbox 597 1309 707 1396; x_wconf 84' lang='lat' dir='ltr'>patulo</span> <span class='ocrx_word' id='word_1_85' title='bbox 728 1309 867 1375; x_wconf 87' lang='lat' dir='ltr'>maxime</span> <span class='ocrx_word' id='word_1_86' title='bbox 889 1326 946 1374; x_wconf 88' lang='lat' dir='ltr'>ore</span> <span class='ocrx_word' id='word_1_87' title='bbox 972 1310 1159 1374; x_wconf 80' lang='lat' dir='ltr'>efferuntur.</span> 
     </span>
    </p>

    <p class='ocr_par' dir='ltr' id='par_1_5' title="bbox 64 1406 1179 1496">
     <span class='ocr_line' id='line_1_12' title="bbox 64 1406 1179 1496; baseline -0.002 -22"><span class='ocrx_word' id='word_1_88' title='bbox 64 1406 106 1474; x_wconf 84' lang='lat' dir='ltr'><em>E</em></span> <span class='ocrx_word' id='word_1_89' title='bbox 124 1409 254 1495; x_wconf 84' lang='lat' dir='ltr'>plenior</span> <span class='ocrx_word' id='word_1_90' title='bbox 275 1411 371 1477; x_wconf 88' lang='lat' dir='ltr'>litera</span> <span class='ocrx_word' id='word_1_91' title='bbox 393 1416 462 1490; x_wconf 85' lang='lat' dir='ltr'>est,</span> <span class='ocrx_word' id='word_1_92' title='bbox 491 1413 514 1475; x_wconf 90' lang='grc' dir='ltr'><strong><em>Ι</em></strong></span> <span class='ocrx_word' id='word_1_93' title='bbox 535 1411 704 1496; x_wconf 83' lang='lat' dir='ltr'>angustior</span> <span class='ocrx_word' id='word_1_94' title='bbox 734 1415 805 1493; x_wconf 90' lang='lat' dir='ltr'>est,</span> <span class='ocrx_word' id='word_1_95' title='bbox 832 1409 970 1494; x_wconf 87' lang='lat' dir='ltr'>ideoque</span> <span class='ocrx_word' id='word_1_96' title='bbox 991 1410 1179 1474; x_wconf 76' lang='lat' dir='ltr'>obscurius</span> 
     </span>
    </p>

    <p class='ocr_par' dir='ltr' id='par_1_6' title="bbox 63 1507 1160 1598">
     <span class='ocr_line' id='line_1_13' title="bbox 63 1507 1160 1598; baseline -0.004 -23"><span class='ocrx_word' id='word_1_97' title='bbox 63 1511 102 1576; x_wconf 92' lang='lat' dir='ltr'>in</span> <span class='ocrx_word' id='word_1_98' title='bbox 122 1509 178 1575; x_wconf 86' lang='lat' dir='ltr'>lris</span> <span class='ocrx_word' id='word_1_99' title='bbox 196 1511 322 1577; x_wconf 83' lang='lat' dir='ltr'>vitium.</span> <span class='ocrx_word' id='word_1_100' title='bbox 365 1510 476 1576; x_wconf 79' lang='lat' dir='ltr'>lliuns</span> <span class='ocrx_word' id='word_1_101' title='bbox 496 1512 655 1597; x_wconf 83' lang='lat' dir='ltr'>peccabit</span> <span class='ocrx_word' id='word_1_102' title='bbox 676 1512 730 1598; x_wconf 92' lang='lat' dir='ltr'>qui</span> <span class='ocrx_word' id='word_1_103' title='bbox 751 1510 858 1594; x_wconf 78' lang='lat' dir='ltr'>longis</span> <span class='ocrx_word' id='word_1_104' title='bbox 879 1510 998 1575; x_wconf 89' lang='lat' dir='ltr'>breves</span> <span class='ocrx_word' id='word_1_105' title='bbox 1010 1507 1160 1593; x_wconf 87' lang='lat' dir='ltr'>subjiciet</span> 
     </span>
    </p>

    <p class='ocr_par' dir='ltr' id='par_1_7' title="bbox 62 1608 1254 3213">
     <span class='ocr_line' id='line_1_14' title="bbox 64 1608 1158 1698; baseline -0.004 -22"><span class='ocrx_word' id='word_1_106' title='bbox 64 1616 104 1677; x_wconf 87' lang='lat' dir='ltr'>et</span> <span class='ocrx_word' id='word_1_107' title='bbox 132 1609 259 1692; x_wconf 76' lang='lat' dir='ltr'>arliae,</span> <span class='ocrx_word' id='word_1_108' title='bbox 292 1612 346 1698; x_wconf 90' lang='lat' dir='ltr'>qui</span> <span class='ocrx_word' id='word_1_109' title='bbox 371 1618 552 1698; x_wconf 77' lang='lat' dir='ltr'>praeponet</span> <span class='ocrx_word' id='word_1_110' title='bbox 573 1612 690 1697; x_wconf 81' lang='lat' dir='ltr'>longae</span> <span class='ocrx_word' id='word_1_111' title='bbox 711 1613 856 1678; x_wconf 89' lang='lat' dir='ltr'>brevem.</span> <span class='ocrx_word' id='word_1_112' title='bbox 897 1609 1031 1675; x_wconf 91' lang='lat' dir='ltr'>lllinima</span> <span class='ocrx_word' id='word_1_113' title='bbox 1051 1615 1105 1674; x_wconf 88' lang='lat' dir='ltr'>est</span> <span class='ocrx_word' id='word_1_114' title='bbox 1125 1608 1158 1672; x_wconf 88' lang='lat' dir='ltr'>iu</span> 
     </span>
     <span class='ocr_line' id='line_1_15' title="bbox 65 1710 1159 1799; baseline -0.004 -22"><span class='ocrx_word' id='word_1_115' title='bbox 65 1710 195 1778; x_wconf 82' lang='lat' dir='ltr'>duabus</span> <span class='ocrx_word' id='word_1_116' title='bbox 217 1712 372 1779; x_wconf 87' lang='lat' dir='ltr'>brevibus</span> <span class='ocrx_word' id='word_1_117' title='bbox 395 1714 539 1778; x_wconf 87' lang='lat' dir='ltr'>ollensio.</span> <span class='ocrx_word' id='word_1_118' title='bbox 583 1713 693 1799; x_wconf 85' lang='lat' dir='ltr'>Atque</span> <span class='ocrx_word' id='word_1_119' title='bbox 715 1732 786 1778; x_wconf 86' lang='lat' dir='ltr'>eum</span> <span class='ocrx_word' id='word_1_120' title='bbox 807 1711 893 1778; x_wconf 89' lang='lat' dir='ltr'>aliae</span> <span class='ocrx_word' id='word_1_121' title='bbox 924 1712 1159 1796; x_wconf 71' lang='lat' dir='ltr'>sublunguntur</span> 
     </span>
     <span class='ocr_line' id='line_1_16' title="bbox 64 1810 1159 1899; baseline -0.005 -20"><span class='ocrx_word' id='word_1_122' title='bbox 64 1813 164 1891; x_wconf 75' lang='lat' dir='ltr'>aliis,</span> <span class='ocrx_word' id='word_1_123' title='bbox 192 1812 329 1898; x_wconf 86' lang='lat' dir='ltr'>perinde</span> <span class='ocrx_word' id='word_1_124' title='bbox 357 1815 544 1899; x_wconf 74' lang='lat' dir='ltr'>asperiores</span> <span class='ocrx_word' id='word_1_125' title='bbox 573 1821 689 1898; x_wconf 88' lang='lat' dir='ltr'>erunt,</span> <span class='ocrx_word' id='word_1_126' title='bbox 719 1814 902 1899; x_wconf 80' lang='lat' dir='ltr'>pronioris</span> <span class='ocrx_word' id='word_1_127' title='bbox 930 1813 1041 1878; x_wconf 90' lang='lat' dir='ltr'>habitu</span> <span class='ocrx_word' id='word_1_128' title='bbox 1061 1810 1159 1876; x_wconf 83' lang='lat' dir='ltr'>simili</span> 
     </span>
     <span class='ocr_line' id='line_1_17' title="bbox 64 1908 1157 2000; baseline -0.005 -20"><span class='ocrx_word' id='word_1_129' title='bbox 64 1921 127 1980; x_wconf 71' lang='lat' dir='ltr'>sut</span> <span class='ocrx_word' id='word_1_130' title='bbox 149 1913 282 1980; x_wconf 81' lang='lat' dir='ltr'>diverso</span> <span class='ocrx_word' id='word_1_131' title='bbox 303 1912 628 2000; x_wconf 85' lang='lat' dir='ltr'>pronuntiabuntur.“</span> <span class='ocrx_word' id='word_1_132' title='bbox 670 1916 707 1963; x_wconf 83' lang='lat'>-&#39;-</span> <span class='ocrx_word' id='word_1_133' title='bbox 756 1915 841 1996; x_wconf 77' lang='lat' dir='ltr'>Quid</span> <span class='ocrx_word' id='word_1_134' title='bbox 863 1915 961 2000; x_wconf 83' lang='lat' dir='ltr'>igitur</span> <span class='ocrx_word' id='word_1_135' title='bbox 982 1914 1045 1992; x_wconf 82' lang='lat' dir='ltr'>sit,</span> <span class='ocrx_word' id='word_1_136' title='bbox 1072 1908 1157 1997; x_wconf 82' lang='lat' dir='ltr'>quod</span> 
     </span>
     <span class='ocr_line' id='line_1_18' title="bbox 64 2012 1176 2102; baseline -0.006 -21"><span class='ocrx_word' id='word_1_137' title='bbox 64 2016 250 2102; x_wconf 69' lang='lat' dir='ltr'>scriptores</span> <span class='ocrx_word' id='word_1_138' title='bbox 271 2012 399 2102; x_wconf 82' lang='lat' dir='ltr'>quidam</span> <span class='ocrx_word' id='word_1_139' title='bbox 421 2035 440 2082; x_wconf 90' lang='lat' dir='ltr'>e</span> <span class='ocrx_word' id='word_1_140' title='bbox 461 2020 561 2100; x_wconf 85' lang='lat' dir='ltr'>gente</span> <span class='ocrx_word' id='word_1_141' title='bbox 582 2032 702 2100; x_wconf 81' lang='lat' dir='ltr'>graeca</span> <span class='ocrx_word' id='word_1_142' title='bbox 723 2018 965 2082; x_wconf 81' lang='lat' dir='ltr'>concursionem</span> <span class='ocrx_word' id='word_1_143' title='bbox 996 2012 1176 2079; x_wconf 77' lang='lat' dir='ltr'>vocalium.</span> 
     </span>
     <span class='ocr_line' id='line_1_19' title="bbox 65 2113 1158 2203; baseline -0.005 -20"><span class='ocrx_word' id='word_1_144' title='bbox 65 2113 285 2202; x_wconf 68' lang='grc' dir='ltr'>(ω’νγκσσνσιν</span> <span class='ocrx_word' id='word_1_145' title='bbox 298 2123 494 2203; x_wconf 70' lang='grc' dir='ltr'><em>φωνηέντων</em></span> <span class='ocrx_word' id='word_1_146' title='bbox 506 2115 630 2183; x_wconf 75' lang='lat' dir='ltr'>Graeci</span> <span class='ocrx_word' id='word_1_147' title='bbox 652 2117 779 2198; x_wconf 82' lang='lat' dir='ltr'>dicunt)</span> <span class='ocrx_word' id='word_1_148' title='bbox 800 2116 1016 2196; x_wconf 86' lang='lat' dir='ltr'>evitaverint,</span> <span class='ocrx_word' id='word_1_149' title='bbox 1038 2115 1158 2200; x_wconf 81' lang='lat' dir='ltr'>quippe</span> 
     </span>
     <span class='ocr_line' id='line_1_20' title="bbox 64 2214 1254 2307; baseline -0.005 -23"><span class='ocrx_word' id='word_1_150' title='bbox 64 2218 145 2305; x_wconf 74' lang='lat' dir='ltr'>qula</span> <span class='ocrx_word' id='word_1_151' title='bbox 158 2219 352 2301; x_wconf 73' lang='grc' dir='ltr'><strong><em>διασπασμῷ</em></strong></span> <span class='ocrx_word' id='word_1_152' title='bbox 368 2219 427 2282; x_wconf 83' lang='grc' dir='ltr'>τοῦ</span> <span class='ocrx_word' id='word_1_153' title='bbox 439 2214 540 2300; x_wconf 66' lang='lat' dir='ltr'>Myon</span> <span class='ocrx_word' id='word_1_154' title='bbox 555 2216 594 2283; x_wconf 85' lang='grc' dir='ltr'>τὸ</span> <span class='ocrx_word' id='word_1_155' title='bbox 613 2219 763 2283; x_wconf 83' lang='grc' dir='ltr'><em>τοιοῦτον</em></span> <span class='ocrx_word' id='word_1_156' title='bbox 782 2221 840 2282; x_wconf 75' lang='lat' dir='ltr'>aot</span> <span class='ocrx_word' id='word_1_157' title='bbox 860 2218 1028 2300; x_wconf 70' lang='grc' dir='ltr'>διωρῥίψει</span> <span class='ocrx_word' id='word_1_158' title='bbox 1042 2220 1156 2307; x_wconf 67' lang='lat' dir='ltr'>iotam,</span> <span class='ocrx_word' id='word_1_159' title='bbox 1251 2226 1254 2231; x_wconf 75' lang='grc'><strong><em>’</em></strong></span> 
     </span>
     <span class='ocr_line' id='line_1_21' title="bbox 66 2302 1157 2405; baseline -0.005 -19"><span class='ocrx_word' id='word_1_160' title='bbox 66 2317 168 2400; x_wconf 81' lang='lat' dir='ltr'>(vide</span> <span class='ocrx_word' id='word_1_161' title='bbox 182 2319 257 2384; x_wconf 81' lang='lat' dir='ltr'>lilrri</span> <span class='ocrx_word' id='word_1_162' title='bbox 277 2319 332 2405; x_wconf 91' lang='lat' dir='ltr'>qui</span> <span class='ocrx_word' id='word_1_163' title='bbox 355 2317 524 2384; x_wconf 82' lang='lat' dir='ltr'>Demetrio</span> <span class='ocrx_word' id='word_1_164' title='bbox 548 2302 713 2384; x_wconf 78' lang='lat' dir='ltr'>Phalereo</span> <span class='ocrx_word' id='word_1_165' title='bbox 732 2319 815 2384; x_wconf 89' lang='lat' dir='ltr'>lalso</span> <span class='ocrx_word' id='word_1_166' title='bbox 832 2317 1018 2403; x_wconf 89' lang='lat' dir='ltr'>adscriptus</span> <span class='ocrx_word' id='word_1_167' title='bbox 1042 2323 1095 2381; x_wconf 85' lang='lat' dir='ltr'>cst</span> <span class='ocrx_word' id='word_1_168' title='bbox 1114 2315 1157 2380; x_wconf 86' lang='lat' dir='ltr'>de</span> 
     </span>
     <span class='ocr_line' id='line_1_22' title="bbox 64 2411 1207 2506; baseline -0.005 -20"><span class='ocrx_word' id='word_1_169' title='bbox 64 2419 252 2493; x_wconf 79' lang='lat' dir='ltr'>elocutione</span> <span class='ocrx_word' id='word_1_170' title='bbox 264 2438 336 2506; x_wconf 86' lang='lat' dir='ltr'>cap.</span> <span class='ocrx_word' id='word_1_171' title='bbox 349 2419 524 2501; x_wconf 78' lang='lat' dir='ltr'>LXVlll.)</span> <span class='ocrx_word' id='word_1_172' title='bbox 540 2436 584 2484; x_wconf 85' lang='lat' dir='ltr'>ex</span> <span class='ocrx_word' id='word_1_173' title='bbox 603 2419 663 2498; x_wconf 84' lang='lat' dir='ltr'>iis,</span> <span class='ocrx_word' id='word_1_174' title='bbox 684 2437 768 2504; x_wconf 89' lang='lat' dir='ltr'>quae</span> <span class='ocrx_word' id='word_1_175' title='bbox 791 2419 892 2484; x_wconf 86' lang='lat' dir='ltr'>alluta</span> <span class='ocrx_word' id='word_1_176' title='bbox 907 2425 1004 2505; x_wconf 83' lang='lat' dir='ltr'>sunt,</span> <span class='ocrx_word' id='word_1_177' title='bbox 1024 2417 1156 2503; x_wconf 89' lang='lat' dir='ltr'>perspi·</span> <span class='ocrx_word' id='word_1_178' title='bbox 1204 2411 1207 2415; x_wconf 78' lang='grc'><strong>’</strong></span> 
     </span>
     <span class='ocr_line' id='line_1_23' title="bbox 65 2518 1155 2607; baseline -0.004 -22"><span class='ocrx_word' id='word_1_179' title='bbox 65 2518 155 2598; x_wconf 85' lang='lat' dir='ltr'>cies,</span> <span class='ocrx_word' id='word_1_180' title='bbox 175 2539 283 2607; x_wconf 84' lang='lat' dir='ltr'>neque</span> <span class='ocrx_word' id='word_1_181' title='bbox 301 2521 364 2586; x_wconf 88' lang='lat' dir='ltr'>hoe</span> <span class='ocrx_word' id='word_1_182' title='bbox 386 2525 421 2586; x_wconf 91' lang='lat' dir='ltr'>te</span> <span class='ocrx_word' id='word_1_183' title='bbox 436 2521 556 2604; x_wconf 78' lang='lat' dir='ltr'>fugiet,</span> <span class='ocrx_word' id='word_1_184' title='bbox 577 2538 642 2585; x_wconf 94' lang='lat' dir='ltr'>non</span> <span class='ocrx_word' id='word_1_185' title='bbox 660 2539 819 2606; x_wconf 87' lang='lat' dir='ltr'>quemque</span> <span class='ocrx_word' id='word_1_186' title='bbox 838 2519 998 2586; x_wconf 90' lang='lat' dir='ltr'>vocalium</span> <span class='ocrx_word' id='word_1_187' title='bbox 1016 2535 1155 2583; x_wconf 81' lang='lat' dir='ltr'>coneur-</span> 
     </span>
     <span class='ocr_line' id='line_1_24' title="bbox 65 2617 1153 2707; baseline -0.006 -19"><span class='ocrx_word' id='word_1_188' title='bbox 65 2641 139 2687; x_wconf 85' lang='lat' dir='ltr'>sum</span> <span class='ocrx_word' id='word_1_189' title='bbox 163 2640 244 2688; x_wconf 80' lang='lat' dir='ltr'>esso</span> <span class='ocrx_word' id='word_1_190' title='bbox 262 2621 384 2688; x_wconf 88' lang='lat' dir='ltr'>lriaturu</span> <span class='ocrx_word' id='word_1_191' title='bbox 402 2621 645 2707; x_wconf 86' lang='lat' dir='ltr'>appellandum,</span> <span class='ocrx_word' id='word_1_192' title='bbox 671 2621 820 2707; x_wconf 89' lang='lat' dir='ltr'>quamvis</span> <span class='ocrx_word' id='word_1_193' title='bbox 844 2618 1031 2685; x_wconf 85' lang='lat' dir='ltr'>Demetrius</span> <span class='ocrx_word' id='word_1_194' title='bbox 1052 2617 1075 2681; x_wconf 92' lang='lat' dir='ltr'>l.</span> <span class='ocrx_word' id='word_1_195' title='bbox 1098 2617 1153 2682; x_wconf 90' lang='lat' dir='ltr'>all.</span> 
     </span>
     <span class='ocr_line' id='line_1_25' title="bbox 64 2719 1154 2808; baseline -0.007 -19"><span class='ocrx_word' id='word_1_196' title='bbox 64 2740 138 2808; x_wconf 74' lang='lat' dir='ltr'>esp.</span> <span class='ocrx_word' id='word_1_197' title='bbox 155 2722 277 2787; x_wconf 80' lang='lat' dir='ltr'>LXlX.</span> <span class='ocrx_word' id='word_1_198' title='bbox 295 2722 355 2788; x_wconf 85' lang='lat' dir='ltr'>sub</span> <span class='ocrx_word' id='word_1_199' title='bbox 373 2722 435 2788; x_wconf 86' lang='lat' dir='ltr'>lroc</span> <span class='ocrx_word' id='word_1_200' title='bbox 453 2725 582 2789; x_wconf 90' lang='lat' dir='ltr'>nomine</span> <span class='ocrx_word' id='word_1_201' title='bbox 600 2728 699 2787; x_wconf 88' lang='lat' dir='ltr'>etiarn</span> <span class='ocrx_word' id='word_1_202' title='bbox 718 2720 877 2806; x_wconf 86' lang='lat' dir='ltr'>ejusmodi</span> <span class='ocrx_word' id='word_1_203' title='bbox 897 2719 1054 2785; x_wconf 78' lang='lat' dir='ltr'>vocalium</span> <span class='ocrx_word' id='word_1_204' title='bbox 1072 2736 1154 2782; x_wconf 92' lang='lat' dir='ltr'>con-</span> 
     </span>
     <span class='ocr_line' id='line_1_26' title="bbox 65 2818 1153 2910; baseline -0.006 -20"><span class='ocrx_word' id='word_1_205' title='bbox 65 2824 239 2891; x_wconf 83' lang='lat' dir='ltr'>cursiones</span> <span class='ocrx_word' id='word_1_206' title='bbox 255 2825 477 2910; x_wconf 73' lang='lat' dir='ltr'>intellexcrit,j</span> <span class='ocrx_word' id='word_1_207' title='bbox 491 2823 604 2909; x_wconf 88' lang='lat' dir='ltr'>quales</span> <span class='ocrx_word' id='word_1_208' title='bbox 626 2829 703 2887; x_wconf 91' lang='lat' dir='ltr'>sunt</span> <span class='ocrx_word' id='word_1_209' title='bbox 721 2825 755 2888; x_wconf 94' lang='lat' dir='ltr'>in</span> <span class='ocrx_word' id='word_1_210' title='bbox 776 2821 882 2898; x_wconf 74' lang='grc' dir='ltr'><em>Αἰαίη</em></span> <span class='ocrx_word' id='word_1_211' title='bbox 902 2826 937 2886; x_wconf 88' lang='lat' dir='ltr'>et</span> <span class='ocrx_word' id='word_1_212' title='bbox 950 2818 1071 2902; x_wconf 80' lang='grc' dir='ltr'><strong><em>Εὔιος,</em></strong></span> <span class='ocrx_word' id='word_1_213' title='bbox 1093 2818 1153 2887; x_wconf 74' lang='lat' dir='ltr'>secl</span> 
     </span>
     <span class='ocr_line' id='line_1_27' title="bbox 65 2920 1152 3010; baseline -0.005 -22"><span class='ocrx_word' id='word_1_214' title='bbox 65 2924 155 2990; x_wconf 81' lang='lat' dir='ltr'>illico</span> <span class='ocrx_word' id='word_1_215' title='bbox 172 2923 291 2993; x_wconf 71' lang='lat' dir='ltr'>eluite</span> <span class='ocrx_word' id='word_1_216' title='bbox 310 2922 417 2993; x_wconf 71' lang='grc' dir='ltr'><em>οὐδέν</em></span> <span class='ocrx_word' id='word_1_217' title='bbox 437 2948 472 2990; x_wconf 80' lang='grc' dir='ltr'>τ(</span> <span class='ocrx_word' id='word_1_218' title='bbox 489 2921 721 3010; x_wconf 80' lang='grc' dir='ltr'>ὃνσφωνότερω</span> <span class='ocrx_word' id='word_1_219' title='bbox 740 2923 805 2987; x_wconf 75' lang='grc' dir='ltr'>τῶν</span> <span class='ocrx_word' id='word_1_220' title='bbox 823 2920 930 2986; x_wconf 82' lang='grc' dir='ltr'><em>ἄλλων</em></span> <span class='ocrx_word' id='word_1_221' title='bbox 950 2920 1017 2986; x_wconf 73' lang='lat' dir='ltr'>ulo-ri</span> <span class='ocrx_word' id='word_1_222' title='bbox 1038 2922 1152 2996; x_wconf 78' lang='grc' dir='ltr'><em>ταῦτα,</em></span> 
     </span>
     <span class='ocr_line' id='line_1_28' title="bbox 64 3020 1154 3114; baseline -0.006 -23"><span class='ocrx_word' id='word_1_223' title='bbox 64 3022 144 3095; x_wconf 78' lang='grc' dir='ltr'>ἀλλ’</span> <span class='ocrx_word' id='word_1_224' title='bbox 172 3033 250 3102; x_wconf 72' lang='grc' dir='ltr'>ἴσως</span> <span class='ocrx_word' id='word_1_225' title='bbox 283 3029 341 3091; x_wconf 77' lang='lat' dir='ltr'>aul</span> <span class='ocrx_word' id='word_1_226' title='bbox 365 3021 594 3114; x_wconf 76' lang='lat' dir='ltr'>povoemirupu.</span> <span class='ocrx_word' id='word_1_227' title='bbox 636 3025 709 3089; x_wconf 81' lang='lat' dir='ltr'>Noa</span> <span class='ocrx_word' id='word_1_228' title='bbox 734 3030 848 3090; x_wconf 87' lang='lat' dir='ltr'>contra</span> <span class='ocrx_word' id='word_1_229' title='bbox 874 3023 908 3088; x_wconf 92' lang='lat' dir='ltr'>iu</span> <span class='ocrx_word' id='word_1_230' title='bbox 942 3020 1154 3106; x_wconf 79' lang='lat' dir='ltr'>scriptoribus</span> 
     </span>
     <span class='ocr_line' id='line_1_29' title="bbox 62 3122 1152 3213; baseline -0.009 -19"><span class='ocrx_word' id='word_1_231' title='bbox 62 3146 184 3213; x_wconf 84' lang='lat' dir='ltr'>prosae</span> <span class='ocrx_word' id='word_1_232' title='bbox 198 3127 356 3197; x_wconf 82' lang='lat' dir='ltr'>orationis</span> <span class='ocrx_word' id='word_1_233' title='bbox 373 3145 432 3194; x_wconf 88' lang='lat' dir='ltr'>eos</span> <span class='ocrx_word' id='word_1_234' title='bbox 443 3127 533 3192; x_wconf 89' lang='lat' dir='ltr'>solos</span> <span class='ocrx_word' id='word_1_235' title='bbox 548 3126 750 3212; x_wconf 86' lang='lat' dir='ltr'>appellamus</span> <span class='ocrx_word' id='word_1_236' title='bbox 764 3124 882 3197; x_wconf 88' lang='lat' dir='ltr'>hiatus,</span> <span class='ocrx_word' id='word_1_237' title='bbox 905 3123 957 3188; x_wconf 85' lang='lat' dir='ltr'>ubi</span> <span class='ocrx_word' id='word_1_238' title='bbox 977 3122 1104 3188; x_wconf 90' lang='lat' dir='ltr'>vocalis</span> <span class='ocrx_word' id='word_1_239' title='bbox 1119 3122 1152 3185; x_wconf 90' lang='lat' dir='ltr'>iu</span> 
     </span>
    </p>

    <p class='ocr_par' dir='ltr' id='par_1_8' title="bbox 63 3223 1152 3315">
     <span class='ocr_line' id='line_1_30' title="bbox 63 3223 1152 3315; baseline -0.01 -20"><span class='ocrx_word' id='word_1_240' title='bbox 63 3231 128 3295; x_wconf 76' lang='lat' dir='ltr'>fine</span> <span class='ocrx_word' id='word_1_241' title='bbox 141 3229 292 3295; x_wconf 83' lang='lat' dir='ltr'>vocabuli</span> <span class='ocrx_word' id='word_1_242' title='bbox 303 3227 413 3315; x_wconf 87' lang='lat' dir='ltr'>posita</span> <span class='ocrx_word' id='word_1_243' title='bbox 427 3226 512 3295; x_wconf 87' lang='lat' dir='ltr'>aliud</span> <span class='ocrx_word' id='word_1_244' title='bbox 527 3228 660 3293; x_wconf 88' lang='lat' dir='ltr'>verbum</span> <span class='ocrx_word' id='word_1_245' title='bbox 680 3245 702 3292; x_wconf 84' lang='lat' dir='ltr'>a</span> <span class='ocrx_word' id='word_1_246' title='bbox 717 3225 824 3292; x_wconf 90' lang='lat' dir='ltr'>vocali</span> <span class='ocrx_word' id='word_1_247' title='bbox 838 3223 998 3309; x_wconf 80' lang='lat' dir='ltr'>incipieus</span> <span class='ocrx_word' id='word_1_248' title='bbox 1014 3225 1152 3286; x_wconf 89' lang='lat' dir='ltr'>unteee-</span> 
     </span>
    </p>

    <p class='ocr_par' dir='ltr' id='par_1_9' title="bbox 63 3319 1151 3422">
     <span class='ocr_line' id='line_1_31' title="bbox 63 3319 1151 3422; baseline -0.01 -26"><span class='ocrx_word' id='word_1_249' title='bbox 63 3330 114 3396; x_wconf 82' lang='lat' dir='ltr'>dit</span> <span class='ocrx_word' id='word_1_250' title='bbox 125 3348 233 3416; x_wconf 87' lang='lat' dir='ltr'>neque</span> <span class='ocrx_word' id='word_1_251' title='bbox 246 3330 329 3397; x_wconf 81' lang='lat' dir='ltr'>elisa</span> <span class='ocrx_word' id='word_1_252' title='bbox 343 3336 413 3422; x_wconf 60' lang='grc' dir='ltr'>θεῖς</span> <span class='ocrx_word' id='word_1_253' title='bbox 435 3328 511 3394; x_wconf 85' lang='lat' dir='ltr'>vide</span> <span class='ocrx_word' id='word_1_254' title='bbox 523 3328 646 3413; x_wconf 87' lang='lat' dir='ltr'>Heynii</span> <span class='ocrx_word' id='word_1_255' title='bbox 658 3326 842 3392; x_wconf 81' lang='lat' dir='ltr'>Exeuusum</span> <span class='ocrx_word' id='word_1_256' title='bbox 856 3323 897 3390; x_wconf 79' lang='lat' dir='ltr'>de</span> <span class='ocrx_word' id='word_1_257' title='bbox 908 3324 996 3389; x_wconf 86' lang='lat' dir='ltr'>lriatu</span> <span class='ocrx_word' id='word_1_258' title='bbox 1009 3322 1042 3385; x_wconf 94' lang='lat' dir='ltr'>iu</span> <span class='ocrx_word' id='word_1_259' title='bbox 1056 3319 1151 3385; x_wconf 85' lang='lat' dir='ltr'>lliad.</span> 
     </span>
    </p>

    <p class='ocr_par' dir='ltr' id='par_1_10' title="bbox 63 3422 1154 3821">
     <span class='ocr_line' id='line_1_32' title="bbox 64 3422 1154 3518; baseline -0.011 -21"><span class='ocrx_word' id='word_1_260' title='bbox 64 3429 138 3497; x_wconf 78' lang='lat' dir='ltr'>Vol.</span> <span class='ocrx_word' id='word_1_261' title='bbox 154 3428 229 3496; x_wconf 79' lang='lat' dir='ltr'>Vll.</span> <span class='ocrx_word' id='word_1_262' title='bbox 244 3450 276 3517; x_wconf 92' lang='lat' dir='ltr'>p.</span> <span class='ocrx_word' id='word_1_263' title='bbox 296 3428 469 3518; x_wconf 60' lang='lat' dir='ltr'>reo-7„</span> <span class='ocrx_word' id='word_1_264' title='bbox 484 3429 538 3514; x_wconf 90' lang='lat' dir='ltr'>qui</span> <span class='ocrx_word' id='word_1_265' title='bbox 560 3436 668 3493; x_wconf 85' lang='lat' dir='ltr'>tumen</span> <span class='ocrx_word' id='word_1_266' title='bbox 687 3427 773 3492; x_wconf 86' lang='lat' dir='ltr'>male</span> <span class='ocrx_word' id='word_1_267' title='bbox 792 3425 834 3492; x_wconf 90' lang='lat' dir='ltr'>de</span> <span class='ocrx_word' id='word_1_268' title='bbox 851 3425 959 3512; x_wconf 80' lang='lat' dir='ltr'>poetis</span> <span class='ocrx_word' id='word_1_269' title='bbox 972 3422 1057 3489; x_wconf 89' lang='lat' dir='ltr'>idem</span> <span class='ocrx_word' id='word_1_270' title='bbox 1071 3440 1154 3487; x_wconf 86' lang='lat' dir='ltr'>cen-</span> 
     </span>
     <span class='ocr_line' id='line_1_33' title="bbox 63 3522 1151 3616; baseline -0.013 -18"><span class='ocrx_word' id='word_1_271' title='bbox 63 3533 141 3599; x_wconf 84' lang='lat' dir='ltr'>suit.</span> <span class='ocrx_word' id='word_1_272' title='bbox 162 3532 236 3598; x_wconf 89' lang='lat' dir='ltr'>Hoc</span> <span class='ocrx_word' id='word_1_273' title='bbox 248 3538 356 3598; x_wconf 91' lang='lat' dir='ltr'>autem</span> <span class='ocrx_word' id='word_1_274' title='bbox 370 3539 405 3597; x_wconf 88' lang='lat' dir='ltr'>at</span> <span class='ocrx_word' id='word_1_275' title='bbox 421 3550 464 3597; x_wconf 88' lang='lat' dir='ltr'>ex</span> <span class='ocrx_word' id='word_1_276' title='bbox 479 3532 552 3616; x_wconf 90' lang='lat' dir='ltr'>ipsa</span> <span class='ocrx_word' id='word_1_277' title='bbox 565 3529 633 3594; x_wconf 88' lang='lat' dir='ltr'>lere</span> <span class='ocrx_word' id='word_1_278' title='bbox 656 3528 705 3594; x_wconf 89' lang='lat' dir='ltr'>rei</span> <span class='ocrx_word' id='word_1_279' title='bbox 725 3533 843 3592; x_wconf 88' lang='lat' dir='ltr'>natura</span> <span class='ocrx_word' id='word_1_280' title='bbox 863 3526 983 3612; x_wconf 87' lang='lat' dir='ltr'>poterit</span> <span class='ocrx_word' id='word_1_281' title='bbox 1003 3522 1151 3605; x_wconf 83' lang='lat' dir='ltr'>intelligi,</span> 
     </span>
     <span class='ocr_line' id='line_1_34' title="bbox 63 3623 1152 3720; baseline -0.011 -21"><span class='ocrx_word' id='word_1_282' title='bbox 63 3634 327 3720; x_wconf 82' lang='lat' dir='ltr'>nequeomnibus</span> <span class='ocrx_word' id='word_1_283' title='bbox 341 3632 539 3718; x_wconf 90' lang='lat' dir='ltr'>temporibus</span> <span class='ocrx_word' id='word_1_284' title='bbox 552 3648 658 3715; x_wconf 91' lang='lat' dir='ltr'>neque</span> <span class='ocrx_word' id='word_1_285' title='bbox 670 3630 706 3695; x_wconf 94' lang='lat' dir='ltr'>in</span> <span class='ocrx_word' id='word_1_286' title='bbox 719 3645 844 3714; x_wconf 89' lang='lat' dir='ltr'>quoque</span> <span class='ocrx_word' id='word_1_287' title='bbox 858 3627 1018 3710; x_wconf 87' lang='lat' dir='ltr'>scriptore</span> <span class='ocrx_word' id='word_1_288' title='bbox 1029 3623 1152 3707; x_wconf 90' lang='lat' dir='ltr'>‹lepre-</span> 
     </span>
     <span class='ocr_line' id='line_1_35' title="bbox 63 3722 1151 3821; baseline -0.011 -21"><span class='ocrx_word' id='word_1_289' title='bbox 63 3734 225 3813; x_wconf 70' lang='lat' dir='ltr'>nendum·</span> <span class='ocrx_word' id='word_1_290' title='bbox 238 3735 272 3802; x_wconf 88' lang='lat' dir='ltr'>id</span> <span class='ocrx_word' id='word_1_291' title='bbox 287 3734 371 3821; x_wconf 89' lang='lat' dir='ltr'>quod</span> <span class='ocrx_word' id='word_1_292' title='bbox 380 3732 567 3799; x_wconf 85' lang='lat' dir='ltr'>Demetrius</span> <span class='ocrx_word' id='word_1_293' title='bbox 581 3731 636 3796; x_wconf 90' lang='lat' dir='ltr'>ille</span> <span class='ocrx_word' id='word_1_294' title='bbox 650 3732 685 3796; x_wconf 93' lang='lat' dir='ltr'>in</span> <span class='ocrx_word' id='word_1_295' title='bbox 701 3730 772 3796; x_wconf 91' lang='lat' dir='ltr'>libri</span> <span class='ocrx_word' id='word_1_296' title='bbox 786 3727 941 3816; x_wconf 89' lang='lat' dir='ltr'>nominati</span> <span class='ocrx_word' id='word_1_297' title='bbox 955 3745 983 3791; x_wconf 92' lang='lat' dir='ltr'>c.</span> <span class='ocrx_word' id='word_1_298' title='bbox 993 3722 1151 3789; x_wconf 78' lang='lat' dir='ltr'>LXVlll.</span> 
     </span>
    </p>

    <p class='ocr_par' dir='ltr' id='par_1_11' title="bbox 58 3819 1261 4224">
     <span class='ocr_line' id='line_1_36' title="bbox 62 3819 1261 3918; baseline -0.013 -17"><span class='ocrx_word' id='word_1_299' title='bbox 62 3835 114 3901; x_wconf 86' lang='lat' dir='ltr'>lis</span> <span class='ocrx_word' id='word_1_300' title='bbox 135 3835 250 3902; x_wconf 74' lang='lat' dir='ltr'>verbis</span> <span class='ocrx_word' id='word_1_301' title='bbox 270 3836 450 3902; x_wconf 77' lang='lat' dir='ltr'>coufirmat:</span> <span class='ocrx_word' id='word_1_302' title='bbox 472 3833 557 3918; x_wconf 78' lang='grc' dir='ltr'><strong><em>Περὶ</em></strong></span> <span class='ocrx_word' id='word_1_303' title='bbox 576 3833 612 3897; x_wconf 71' lang='grc' dir='ltr'>δὲ</span> <span class='ocrx_word' id='word_1_304' title='bbox 631 3827 856 3917; x_wconf 72' lang='grc' dir='ltr'><strong><em>συγκρούσεως</em></strong></span> <span class='ocrx_word' id='word_1_305' title='bbox 876 3833 1065 3915; x_wconf 79' lang='grc' dir='ltr'><em>φωνηέντων</em></span> <span class='ocrx_word' id='word_1_306' title='bbox 1078 3819 1152 3886; x_wconf 74' lang='grc' dir='ltr'><em>ὑπό-</em></span> <span class='ocrx_word' id='word_1_307' title='bbox 1257 3900 1261 3908; x_wconf 32' lang='grc' dir='ltr'>Ι</span> 
     </span>
     <span class='ocr_line' id='line_1_37' title="bbox 62 3910 1245 4043; baseline -0.015 -41"><span class='ocrx_word' id='word_1_308' title='bbox 62 3938 166 4021; x_wconf 66' lang='lat' dir='ltr'>lapion</span> <span class='ocrx_word' id='word_1_309' title='bbox 179 3930 402 4024; x_wconf 65' lang='lat' dir='ltr'>diloroilloro</span> <span class='ocrx_word' id='word_1_310' title='bbox 442 3910 753 4043; x_wconf 53' lang='lat' dir='ltr'>&#39;loquoirqcalvyo&#39;tp</span> <span class='ocrx_word' id='word_1_311' title='bbox 769 3925 967 4017; x_wconf 72' lang='grc' dir='ltr'><em>ἐφυλάττετο</em></span> <span class='ocrx_word' id='word_1_312' title='bbox 987 3919 1150 4005; x_wconf 81' lang='grc' dir='ltr'>σνμπλὴσ-</span> <span class='ocrx_word' id='word_1_313' title='bbox 1242 4016 1245 4021; x_wconf 85' lang='lat'>.</span> 
     </span>
     <span class='ocr_line' id='line_1_38' title="bbox 62 4025 1150 4106; baseline -0.017 -1"><span class='ocrx_word' id='word_1_314' title='bbox 62 4060 133 4106; x_wconf 76' lang='grc' dir='ltr'>σειν</span> <span class='ocrx_word' id='word_1_315' title='bbox 145 4035 311 4104; x_wconf 53' lang='lat' dir='ltr'>abruissel</span> <span class='ocrx_word' id='word_1_316' title='bbox 326 4044 359 4103; x_wconf 82' lang='lat' dir='ltr'>ol</span> <span class='ocrx_word' id='word_1_317' title='bbox 371 4034 429 4102; x_wconf 78' lang='grc' dir='ltr'>ἀπ’</span> <span class='ocrx_word' id='word_1_318' title='bbox 451 4032 564 4100; x_wconf 81' lang='grc' dir='ltr'><strong><em>αὐτοῦ.</em></strong></span> <span class='ocrx_word' id='word_1_319' title='bbox 584 4031 679 4099; x_wconf 78' lang='grc' dir='ltr'><strong>ἄλλο(</strong></span> <span class='ocrx_word' id='word_1_320' title='bbox 692 4032 729 4097; x_wconf 76' lang='grc' dir='ltr'>δέ</span> <span class='ocrx_word' id='word_1_321' title='bbox 738 4052 836 4104; x_wconf 78' lang='grc' dir='ltr'><em>τινες,</em></span> <span class='ocrx_word' id='word_1_322' title='bbox 863 4025 907 4105; x_wconf 79' lang='grc' dir='ltr'>ως</span> <span class='ocrx_word' id='word_1_323' title='bbox 926 4029 1039 4104; x_wconf 68' lang='grc' dir='ltr'><strong><em>ἔτυχε,</em></strong></span> <span class='ocrx_word' id='word_1_324' title='bbox 1060 4028 1150 4088; x_wconf 77' lang='grc' dir='ltr'><strong><em>συνέ-</em></strong></span> 
     </span>
     <span class='ocr_line' id='line_1_39' title="bbox 58 4123 1152 4224; baseline -0.016 -16"><span class='ocrx_word' id='word_1_325' title='bbox 58 4160 205 4224; x_wconf 75' lang='grc' dir='ltr'>νρονσνν</span> <span class='ocrx_word' id='word_1_326' title='bbox 231 4142 290 4206; x_wconf 75' lang='lat' dir='ltr'>root</span> <span class='ocrx_word' id='word_1_327' title='bbox 312 4134 510 4205; x_wconf 79' lang='grc' dir='ltr'>πωντάπασι.</span> <span class='ocrx_word' id='word_1_328' title='bbox 552 4132 749 4202; x_wconf 83' lang='lat' dir='ltr'>Aoeuratius</span> <span class='ocrx_word' id='word_1_329' title='bbox 775 4123 1031 4205; x_wconf 68' lang='lat' dir='ltr'>seinvicem,</span> <span class='ocrx_word' id='word_1_330' title='bbox 1057 4142 1152 4211; x_wconf 81' lang='lat' dir='ltr'>quom</span> 
     </span>
    </p>
   </div>
   <div class='ocr_carea' id='block_1_4' title="bbox 0 0 1286 4508">
    <p class='ocr_par' dir='ltr' id='par_1_12' title="bbox 0 0 1286 4508">
     <span class='ocr_line' id='line_1_40' title="bbox 0 0 1286 4508; baseline 0 1"><span class='ocrx_word' id='word_1_331' title='bbox 0 0 1286 4508; x_wconf 95' lang='lat' dir='ltr'> </span> 
     </span>
    </p>
   </div>
  </div>
 </body>
</html>
