2564 4508
418 204 450 215 -
516 165 598 231 319·
648 201 681 215 -

71 336 107 404 ni.
130 355 207 403 ann.
234 329 352 402 1838.
375 335 416 396 Ν.
449 332 539 396 101.
563 338 733 420 postquam
755 333 896 421 Pdugkii
922 337 957 405 in
984 338 1094 408 Sehe-
1168 328 1171 343 '

96 436 229 522 criticis,
258 458 289 522 p.
322 433 384 501 29.
415 435 671 502 commendatam
706 436 888 504 medelam:
931 444 964 504 ot
993 437 1023 504 d
1053 439 1097 518 ὡς

71 540 91 603 d
110 536 277 621 χρώμευου
298 534 389 619 ῥώμῃ
410 542 454 612 εἰς
475 537 584 609 πᾶσαν
605 540 750 603 ἐπίνοιαν
771 539 999 620 θαυμάζοντες
1026 542 1093 607 διο-

71 660 118 706 1υυ
138 637 360 724 redarguerit,
383 638 464 726 haec
486 657 564 704 esse
586 637 770 723 preposita:
816 644 849 705 oi
869 641 903 706 δὲ
923 637 1011 732 [ser.
1034 637 1095 730 δ’)

76 740 163 806 θεῶν
189 736 356 826 χρώμενον
385 743 429 813 εἰς
458 735 565 802 notam
595 735 822 826 (scribendum
850 748 942 807 esset
969 739 1095 834 ruff)

71 847 125 926 up.
170 841 235 908 Atii
258 842 426 920 amabant,
449 839 505 904 alii
527 840 699 920 timebant,
727 841 784 906 alii
805 847 840 907 ut
862 841 993 910 deorum
1014 864 1094 930 pro·

71 967 85 1013 ο
109 945 240 1012 numine
269 941 464 1010 custoditum
486 940 738 1008 admirabantur.
783 941 864 1029 Cap.
887 943 999 1024 XXV,
1017 944 1093 1011 33.

121 1047 258 1113 verbis:
301 1044 586 1126 καθυβρισθέυτος
608 1031 666 1108 οἶα
687 1041 751 1110 ὑπὸ
781 1047 840 1110 τοῦ
865 1043 1032 1127 ,Ῥωμύλου
1058 1053 1093 1113 ἐν

71 1145 287 1231 :anonymam
316 1144 385 1209 cod.
415 1141 450 1208 C.
478 1144 614 1229 praebet
641 1146 961 1230 καθυβρισθέυτοου,
1005 1150 1091 1235 qued

71 1249 225 1335 inequit.
269 1246 348 1310 Mihi
370 1252 480 1311 tamen
502 1250 535 1309 ἐυ
557 1243 730 1310 delendum
751 1262 829 1312 esse
850 1246 997 1327 videtur,
1027 1251 1090 1315 nisi

71 1348 111 1415 'ps
131 1354 279 1414 statuere
308 1348 381 1411 otim
409 1352 443 1410 ἑο
469 1354 541 1420 ταῖς
567 1341 773 1428 ἆποκρίσισιυ
802 1343 863 1409 ὑπὸ
890 1349 951 1413 τοῦ
978 1345 1095 1438 (1111).

87 1444 162 1538 atr.)
179 1445 344 1529 Ῥωμύλου
364 1447 485 1512 editum
506 1447 618 1511 inisse.
661 1445 707 1511 ib.
730 1443 792 1510 33.
816 1445 845 1511 d.
867 1447 973 1513 minus
994 1453 1095 1516 effen.

74 1549 101 1615 in
124 1550 214 1615 hiatu
235 1552 291 1626 ἔτη
312 1546 445 1626 ἑκατὸν,
470 1548 620 1635 quamvis
641 1547 704 1613 hee
725 1547 821 1613 faeiie
842 1549 876 1613 in
897 1546 1017 1615 ἑαυτὸν
1037 1555 1094 1630 tta]

72 1650 119 1714 ari
141 1650 256 1736 possit
300 1647 380 1734 Cap.
403 1648 528 1714 XXIX.
552 1645 615 1714 36.
639 1649 670 1714 b.
694 1648 727 1713 in
749 1648 877 1714 verbiez
919 1647 1006 1735 Ιορὸυ
1034 1654 1093 1734 μὲν

86 1749 188 1816 αὐτοῦ
208 1757 275 1815 ἐστι
296 1756 612 1836 κατεσκευασμένον,
640 1749 674 1814 in
695 1749 768 1816 eud·
788 1745 825 1815 Ο.
846 1756 915 1816 ἐστι
937 1753 1093 1835 omissum

72 1897 80 1937 ,
120 1852 264 1917 fortasse
292 1851 365 1915 oiim
393 1856 469 1935 pust
494 1858 791 1932 κατεσκευασμένα
811 1850 870 1923 tuit
891 1852 1092 1920 cnlioeatunn

86 1973 117 2037 p.
141 1950 203 2015 37.
227 1971 254 2016 a.
277 1952 390 2016 locus:
436 1949 474 2014 τὸ
496 1947 574 2034 πρὸς
595 1946 634 2015 τὸ
655 1951 726 2026 ἕλος
747 1948 785 2016 τὸ
807 1953 863 2030 τῆς
883 1950 977 2035 αἰγὸς
998 1960 1089 2043 ἔρχο-

72 2075 92 2116 α
114 2055 165 2118 ἐπὶ
187 2053 313 2116 θυσίαν
333 2051 525 2134 βαδίζοντας
546 2068 567 2115 a
589 2047 695 2117 corat
717 2052 834 2133 partim
856 2071 876 2118 e
900 2053 992 2120 lieris
1014 2075 1094 2142 par·-

81 2154 310 2235 eeenjeetura
333 2152 472 2215 virerum
495 2149 660 2216 ductorum
681 2152 729 2216 ita
752 2157 805 2217 est
819 2152 937 2218 editus.
984 2156 1090 2242 Vulgo

72 2261 79 2317 t
99 2249 194 2334 αἰγὸς
215 2248 258 2326 ὡς
278 2253 328 2315 ἐπὶ
349 2248 530 2314 θαλασσαυ
550 2250 744 2332 βαδίζοντας
764 2252 882 2336 legitur
903 2253 1001 2340 idque
1032 2275 1105 2325 1ο-1

72 2356 107 2419 rit
128 2351 295 2438 simnia,
317 2358 351 2417 et
373 2347 565 2416 defenderat
586 2349 809 2416 Reiskius·.ex
832 2366 921 2418 more
943 2361 1093 2424 veterum

72 2474 222 2532 unorum,
266 2453 438 2516 simulacra
472 2450 630 2515 numinum
657 2449 700 2514 ad
720 2468 811 2516 mare
830 2459 888 2518 aut
908 2451 950 2519 ad
973 2457 1091 2522 nuvioe

72 2554 203 2641 ucendi,
237 2553 280 2618 ibi
302 2552 434 2618 lavandi
456 2557 491 2615 et
512 2569 532 2616 e
553 2550 685 2616 lavaero
708 2566 778 2616 eum
802 2570 918 2639 pompa
937 2555 971 2619 in
993 2557 1092 2623 urbes

72 2655 178 2740 empta
200 2653 386 2718 reducendi.
432 2653 479 2717 At
501 2651 576 2737 quid
600 2651 684 2717 haee
705 2657 818 2718 nostru
841 2654 874 2718 in
895 2647 994 2721 loco?
1021 2655 1089 2722 ue-

75 2756 176 2822 etium
191 2752 348 2837 Leopold.
371 2753 534 2837 opposuit,
556 2751 749 2818 infinitivum
766 2751 956 2822 desiderari.
978 2757 1091 2823 Amin-

76 2857 181 2922 verba
202 2857 248 2920 ita
270 2854 417 2938 aceepit,
461 2855 553 2937 quasi
575 2851 703 2939 Caprae
732 2855 826 2940 putus
857 2875 975 2924 versus
1001 2878 1091 2928 mare

94 2957 305 3039 intedigatur.
352 2952 495 3038 Xyland.
525 2952 616 3018 Dae'
639 2952 733 3019 Crus.
760 2957 948 3024 maluerunt·
969 2958 1012 3038 ὠς
1039 2965 1090 3028 tui

73 3062 127 3139 ία,
171 3057 294 3122 Comes
325 3060 375 3121 dni
406 3056 548 3131 θυσίαυ,
592 3073 655 3140 quo
677 3055 850 3122 difficultas
872 3078 936 3126 non
957 3062 1091 3128 totlitur.

73 3158 92 3222 Ι.
120 3158 153 3221 1.
176 3140 210 3221 3.
234 3157 390 3222 exhibent
412 3161 487 3241 pest
507 3152 600 3236 αἰγὸς
619 3157 795 3243 spanedat,
816 3159 901 3244 quud
914 3158 1090 3249 interpreti

73 3259 110 3323 tri
132 3257 262 3322 videtur
288 3275 394 3342 neque
420 3256 592 3322 aSinten.
623 3262 675 3322 est
706 3264 883 3343 redeptum·
928 3262 1088 3349 Anunym.

74 3379 116 3436 m,
137 3359 184 3422 uti
205 3357 336 3423 videtur
358 3376 377 3422 e
399 3361 598 3444 conjectura,
620 3378 714 3444 quam
736 3360 894 3445 Leopnid.
917 3362 1089 3431 etSenae-

74 3460 307 3546 probaverunt,
330 3457 421 3523 dedit
442 3454 547 3546 ὥσπορ
568 3455 749 3538 ἀλαλάζον.
791 3457 950 3546 Equidem
972 3467 1088 3549 eonju-

73 3581 97 3625 n
121 3557 312 3645 ροε1οαγὸς
335 3559 417 3623 naec
438 3558 541 3623 fuisse
564 3559 696 3644 scripta·
715 3560 837 3626 verba:
879 3563 1089 3645 ἐπαλαλάζων

73 3659 249 3735 ἀίσσοντας
277 3661 297 3723 i.
328 3679 356 3724 e.
385 3659 493 3744 quod·
520 3660 697 3726 clamant
723 3663 836 3727 istae
868 3662 933 3728 ita
961 3672 1001 3730 ut
1027 3667 1089 3730 ir·

77 3768 199 3839 ntes,.
213 3760 297 3846 quod
319 3761 399 3839 erit,
423 3760 469 3823 uti
489 3759 629 3826 Romani
650 3762 801 3848 impetum
824 3763 985 3850 fauentes
1007 3780 1089 3830 eun-

73 3862 209 3928 iiatinns
232 3869 296 3927 tum
318 3862 550 3928 clamaverunt.
1073 3870 1076 3875 '

81 3961 118 4028 ln
140 3963 192 4028 hia
214 3962 339 4028 duabus
360 3961 441 4026 vitis
463 3963 561 4047 igitur
582 3967 618 4028 et
637 3963 671 4028 in
699 3964 941 4048 comparatione
962 3958 1088 4029 unere

76 4059 212 4131 Romule
233 4083 297 4130 nnn
317 4064 457 4147 negabis
478 4063 688 4131 al’iuttreira
710 4081 820 4130 curram
839 4063 873 4131 in
895 4061 987 4129 hiatu
1010 4063 1086 4131 orie
