2580 4514
456 213 499 229 -
562 129 733 249 207⁸...

47 347 108 414 ubi
129 345 241 434 optimi
263 345 358 413 codd.
380 347 460 414 Vnt.
482 347 568 413 Flor.
594 347 678 433 Aug.
705 349 791 433 ch.
814 347 855 414 Α.
885 366 967 435 quos
993 366 1143 435 sequere,

48 448 262 533 Αἰγεσταίων
283 449 412 514 hubent.
455 446 531 512 Non
553 448 637 514 mule
658 454 765 514 uutern
787 447 992 533 Schweigh.'
1007 451 1060 516 bic
1087 451 1146 516 ud·

49 550 206 636 scripsit:
247 549 402 632 „videtur
422 549 463 614 ud
486 549 547 614 hoc
569 567 686 616 nomeu
709 550 876 616 excidisse
897 551 1052 616 urticulus
1073 555 1149 641 τῶν,

51 671 151 738 quum
174 651 369 736 praesertim
391 651 478 735 nulle
501 655 579 716 unte
601 650 685 716 huuc
705 651 809 716 locum
837 651 957 716 mentio
986 654 1074 719 luctu
1102 655 1148 720 sit

45 753 350 838 ‘Aegostunorumt‘
394 751 518 817 Tamen
541 750 584 816 nil
606 751 670 816 uisi
689 774 723 815 τε
744 752 778 815 in
799 749 830 814 τ’
862 751 1046 818 mutantium
1068 773 1148 823 esse

52 852 235 919 suruserim.¹
270 847 363 930 erod
390 849 448 915 12.
470 851 590 935 legitur
611 854 668 916 καὶ
697 853 791 935 ἕτερα
817 851 976 938 Polybius
1003 855 1148 924 fortusse
1182 930 1184 937 A

51 952 182 1042 χᾶτερα
203 953 345 1038 scripsit.
390 952 523 1017 certius
545 960 598 1018 est
620 973 691 1019 eum
712 955 843 1039 XXVI,
866 949 900 1016 7.
929 973 993 1020 uon
1013 956 1048 1018 ol
1068 962 1148 1022 ἑκα-
1170 945 1172 948 ’

54 1052 117 1119 τὸν
123 1101 136 1136 ,
178 1072 283 1140 neque
310 1051 370 1116 11.
391 1050 450 1117 δύο
473 1051 574 1128 οὔσας
596 1054 790 1141 scripsisse,
833 1053 894 1120 sed
916 1058 1149 1144 apostrophum

53 1154 220 1243 posuisse.
263 1159 345 1220 Item
366 1157 508 1238 XXVII,
535 1151 593 1220 12.
616 1153 649 1218 in
671 1155 799 1220 verbis:
820 1156 866 1237 τῷ
888 1155 922 1219 δὲ
942 1156 1151 1240 βιαιομαχιῑν
1209 1152 1210 1162 ’

50 1253 145 1323 κατὰ
166 1253 225 1331 τὰς
253 1251 443 1336 συμπλοκὰς
467 1256 525 1318 καὶ
552 1255 690 1319 συνιδεῖν
718 1264 787 1330 τοῖς
815 1252 929 1337 κόραξι
956 1255 1033 1333 τοὺς
1061 1256 1151 1340 ἅπαξ

51 1361 273 1439 ἐγγίσαντας,
318 1351 389 1436 ἅμα
411 1356 445 1418 δὲ
471 1356 528 1419 καὶ
554 1355 602 1439 ,τῷ
631 1356 931 1436 συναγωνιζομένων
956 1354 1149 1443 ἀμφοτέρων
1244 1438 1248 1441 Α

53 1459 124 1523 τῶν
143 1458 334 1539 στρατηγῶν
353 1455 477 1536 καὶτῷ
506 1459 540 1518 ἐν
569 1451 646 1539 ὄψει
674 1456 738 1518 τῶν
766 1451 950 1538 ἡγουμένων
977 1461 1149 1524 ποιεῖσθαι

54 1553 117 1621 τὸν
130 1557 278 1621 κίνδυνον
291 1578 321 1618 α.
334 1579 363 1618 τ.
374 1557 402 1620 λ.
446 1557 532 1638 Aug.
548 1555 632 1638 Reg.
647 1557 686 1620 C.
702 1560 736 1620 et
751 1554 801 1620 ed·
821 1552 855 1619 1.
869 1554 904 1619 2·
920 1557 1002 1623 mule
1015 1562 1148 1626 καὶτῶν

54 1664 137 1722 onte
151 1679 264 1738 σνναγ.
279 1675 337 1741 pro
357 1657 414 1720 καὶ
435 1656 480 1737 τῷ
504 1655 671 1740 praebent.
714 1654 853 1720 Rectius
867 1655 1041 1744 Cod.lleg.
1057 1659 1095 1724 B.
1116 1669 1152 1728 et

55 1756 202 1822 Cusutrb.
215 1758 272 1820 καὶ
288 1757 335 1839 τῷ
349 1762 428 1821 onte
441 1761 475 1820 ἐν
487 1753 563 1838 ὄψα
581 1756 767 1821 omiserunt
783 1755 930 1823 Genitivi
940 1760 1026 1824 euim
1037 1783 1152 1844 σνναγ.

54 1853 142 1941 ἀμφ.
153 1879 182 1920 τ.
193 1879 305 1942 στρατ.
318 1875 450 1922 causam
464 1855 620 1943 indicunt,
642 1875 699 1922 cur
711 1857 744 1921 in
762 1865 940 1944 conspectu
961 1858 1076 1924 ducum
1091 1864 1157 1926 nri-

54 1958 138 2024 lites
160 1957 314 2042 proclium
335 1958 482 2023 lecerius
523 1957 642 2043 Neque
663 1957 767 2023 verbo
789 1977 849 2042 per
869 1960 970 2024 καὶ·
984 1962 1042 2024 καὶ
1071 1962 1155 2029 bene

56 2064 199 2145 possunt
226 2058 397 2142 ‹bstingui‚
427 2076 511 2145 quoe
537 2058 623 2124 idem
649 2057 843 2143 significant,
885 2059 1045 2126 Rciskius
1065 2071 1156 2131 recte

56 2158 188 2246 quidem
210 2159 344 2225 ollcudit
365 2160 399 2224 in
420 2159 503 2238 loco,
525 2159 586 2225 sed
608 2178 673 2226 non
694 2164 786 2225 recte
800 2161 847 2243 τῷ
860 2150 1155 2251 σνναγωνιζομονω,

58 2258 148 2344 quod
172 2260 253 2325 Cod.
273 2260 311 2326 B.
335 2260 450 2341 habet,
480 2278 499 2324 e
521 2261 709 2343 conjecturo
728 2259 866 2327 rescribi
883 2261 995 2343 jussit.
1039 2259 1156 2330 Omnia

58 2359 146 2426 benc
168 2360 289 2427 bobcut
310 2360 422 2427 verbis
443 2363 501 2424 καὶ
522 2362 568 2444 τῷ
590 2361 718 2428 deletis.

146 2457 183 2527 E
202 2461 288 2528 elide
309 2475 380 2548 cup.
399 2465 566 2534 xxvnr,
591 2459 627 2527 2.
648 2467 684 2527 οἱ
704 2463 758 2541 δὲ,
785 2458 966 2549 ἀφέμενοι.
995 2470 1153 2531 commate

59 2580 191 2647 quoque
212 2561 345 2628 deleto·
373 2559 445 2628 Scrl
470 2561 529 2626 11.
552 2583 616 2628 nou
640 2562 796 2655 offendes
815 2561 850 2627 in
875 2557 978 2626 πάλαι
1004 2561 1059 2628 ἂν.
1091 2562 1153 2630 11.

60 2662 173 2728 scribe
193 2660 321 2745 ἐγένεθ’
347 2668 561 2748 ριθὲγένοτο.
585 2664 700 2748 ΧΧΧ,
725 2660 759 2727 1.
789 2661 918 2742 corrige
946 2685 982 2726 tu
997 2661 1156 2740 Ἄννωνος

60 2767 103 2829 et
125 2763 160 2826 b.
183 2782 240 2847 pro
261 2765 296 2828 δὲ
316 2770 362 2840 εἰς
383 2783 456 2828 cum
483 2763 613 2849 optimis
642 2762 736 2828 codd.
757 2765 836 2829 Vnt.
858 2761 946 2827 Flor-
968 2765 1053 2850 Aug.
1073 2764 1155 2850 leeg.

63 2864 109 2930 A.
132 2863 238 2929 scribe
259 2865 293 2927 ol
313 2861 405 2951 ιιρὸς.
423 2865 462 2929 C.
484 2867 648 2951 XXXIV,
671 2860 707 2927 8.
735 2864 862 2948 corrige
890 2867 925 2930 δὲ
954 2872 1031 2941 ἴσως
1057 2872 1093 2931 ct
1112 2867 1154 2933 ib.

63 2981 126 3047 pro
146 2956 237 3044 αὐτῷ
258 2967 371 3046 ἐκείνῳ
389 2963 500 3030 scribe
519 2962 613 3048 αὐτῷ
634 2967 739 3047 κείνῳ.
782 2964 815 3028 N
818 2984 868 3031 um
896 2965 1055 3052 Polybius
1083 2975 1157 3052 post

63 3061 203 3128 vocules
224 3068 383 3129 curtatum
405 3069 492 3129 arnul
513 3065 712 3151 pronominis
733 3062 885 3154 formum,
910 3068 957 3132 nti
978 3066 1011 3130 in
1032 3067 1156 3132 θέλειν,

63 3163 150 3248 Cup.
173 3166 326 3249 XXXV,
349 3162 385 3228 5.
417 3164 452 3230 in
473 3165 610 3231 verbis=
653 3162 696 3231 τὰ
721 3167 779 3246 μὲν
799 3162 945 3245 ἀήττητα
959 3163 1079 3245 πλήθη
1100 3175 1158 3233 καὶ

62 3260 277 3350 αραγμνιτιιιιὶ
302 3265 465 3330 bonoim
492 3263 575 3330 εἶναι
603 3267 743 3331 καθεῖλε
773 3266 894 3352 poterit
922 3264 1005 3332 εἶναι
1040 3267 1156 3334 doleri.

62 3363 209 3428 Facilior
230 3371 337 3429 tumen
358 3364 485 3430 medela
506 3367 603 3431 etium
626 3367 705 3454 erit,
748 3367 778 3430 si
805 3365 956 3432 boxoout'
989 3368 1160 3434 scribatur.

64 3459 101 3527 8.
124 3482 182 3547 pro
204 3464 238 3529 δὲ
267 3461 318 3528 ἀεὶ
345 3466 454 3532 scribe
482 3462 515 3530 δ’
545 3463 606 3531 ἀεὶ.
636 3468 675 3531 G.
703 3470 868 3545 XXXVI,
895 3464 931 3531 4.
958 3466 1077 3552 legitur
1102 3471 1160 3534 καὶ

63 3564 195 3648 ἕτερος,
238 3563 480 3643 xxxv11,2.
515 3567 549 3630 δὲ
578 3564 639 3631 ὑπὸ
668 3573 704 3633 et
732 3565 768 3632 7.
802 3565 948 3648 μα’λιστυι
976 3574 1029 3647 ἐν,
1073 3587 1159 3655 quoue

64 3669 145 3730 sunt
175 3665 379 3749 corrigenda.
423 3668 505 3750 Cup.
533 3666 793 3755 xxxv111,1.
819 3664 1160 3753 Schweighaeuserns

64 3772 202 3832 auctore
224 3765 363 3831 llciskiu
385 3767 538 3851 scripsit:
580 3772 772 3849 νομίσαντες
791 3765 880 3834 κατὰ
902 3771 960 3851 μὲν
981 3770 1041 3851 γῆν
1069 3766 1159 3846 osel-

63 3889 152 3950 χρεω
174 3863 267 3930 εἶναι.
311 3865 415 3933 Codd.
430 3867 468 3932 B.
483 3869 520 3933 C.
535 3864 692 3956 ἀξιόχρεω
713 3869 806 3958 darre,
827 3874 905 3934 cett.
929 3868 1001 3956 libri
1023 3873 1059 3931 et
1079 3887 1159 3935 mss.

65 3973 176 4034 oulen
190 3963 374 4053 ἀξιόχρεως,
394 3966 437 4032 ud
460 3967 545 4054 quod
567 3986 587 4036 e
608 3969 739 4036 Reiskii
761 3969 928 4036 sententia
948 3965 1162 4052 adjiciendum

66 4067 165 4133 inerit
186 4068 276 4153 σφᾶς
299 4069 354 4136 vel
377 4066 511 4144 ἑαυτοὺς
533 4068 588 4137 vel
609 4072 698 4157 σφᾶς
718 4071 857 4158 αὐτοὺς,
878 4070 925 4136 uti
945 4070 978 4159 1,
1000 4067 1071 4155 53,
1096 4069 1157 4137 1⁰.
