2564 4508
160 297 275 364 siliis
294 298 484 365 maximis
504 306 548 366 et
568 300 792 387 palmariis
807 300 847 366 iu
862 298 984 365 bellis
1000 304 1233 389 proponitrr

157 400 459 486 primapalma‚
500 400 716 467 dicendum
737 406 820 486 cst,
862 401 1036 467 ratione¹
1061 404 1234 473 'virtutis

157 500 453 585 imperatoriae
474 501 635 586 maguis
656 502 810 587 spatiis
832 500 1052 568 Roman-um
1071 522 1095 569 a
1115 502 1235 593 tipar-

158 605 265 666 tauo
284 601 477 668 relictum
498 620 615 681 esse,
637 601 684 666 ita
705 606 741 666 ut
757 599 857 690 ἀρετῇ
877 600 963 667 idem
984 602 1099 670 valeat
1119 602 1246 673 maur*-
1276 608 1280 625 ²

157 695 274 786 ἀρετὴν
296 704 332 764 ιι
351 699 467 788 μικρὸν
486 702 719 769 adverbialiter
739 700 964 787 accipiendum
983 702 1029 767 sit
1049 724 1110 791 pro
1122 706 1240 793 papale.

155 805 213 865 aut
232 797 322 886 παρὰ
341 799 465 887 μικρόν.
510 802 603 884 Quae
619 804 693 887 jure
713 801 873 888 improbat
883 800 1240 893 Schaeferua-Xylsn-

155 898 217 966 der
237 909 352 967 contra
371 902 475 969 verba
496 904 628 988 vulgata
651 904 698 968 ita
718 903 955 988 interpretatus
975 909 1048 969 est:
1075 900 1188 985 0qu
1206 904 1240 971 ai

156 1006 292 1067 tamen
320 1004 485 1069 summis
506 1010 571 1069 est
591 1011 633 1069 et
654 1003 899 1090 praecipuis
921 1004 1092 1073 bellicis
1111 1004 1242 1071 factis

156 1107 198 1166 ιι
218 1102 423 1167 consiliis
443 1102 745 1169 attribuendus
765 1103 1067 1189 imperatoriae
1096 1104 1241 1171 virtu-

156 1200 212 1267 tis
244 1202 469 1288 primatus,
511 1203 675 1269 multum
706 1203 842 1269 bacon
871 1203 1050 1269 Romano
1075 1206 1241 1273 eminet.

123 1344 126 1349 -
154 1304 203 1367 At
222 1302 285 1370 boc
305 1323 366 1390 per
386 1322 426 1369 se
447 1308 561 1390 patet,
602 1304 734 1368 summis
756 1309 791 1369 et
811 1304 996 1389 praecipuis
1015 1303 1114 1370 sactis
1144 1312 1241 1393 utque

154 1404 301 1469 consiliis
320 1404 444 1470 bellicis
464 1399 535 1494 (ita
556 1401 724 1470 Scbueier.
745 1404 844 1469 etiam
864 1408 909 1478 ule
928 1397 1079 1469 abbata
1098 1404 1243 1493 explieat

153 1502 298 1570 adriense
319 1505 450 1591 proprie
472 1504 578 1591 quod
600 1503 649 1570 ad
670 1523 775 1569 arma
796 1499 976 1594 attinet)
996 1504 1169 1590 primatum
1188 1504 1241 1573 vd

153 1604 292 1690 palmam
311 1606 433 1672 deberi
489 1607 609 1692 Neque
629 1604 727 1671 video
748 1624 806 1670 cur
827 1605 954 1671 Coraca
974 1601 1072 1693 ἁρετὴ
1093 1606 1243 1693 scripse-

154 1705 207 1769 rit.
250 1706 462 1798 Intellexisse
483 1705 610 1792 quidem
632 1706 762 1772 videtur
789 1704 893 1791 ipsius
921 1704 1014 1771 dume
1043 1705 1242 1790 singularem

153 1804 382 1884 fortitudinem,
405 1827 499 1893 quam
521 1826 582 1890 ego
604 1812 713 1873 tamen
734 1825 799 1871 nou
819 1823 841 1872 a
862 1806 960 1872 lactis
975 1805 1241 1887 bellicisdiscer-

154 1923 276 1972 nerem.
320 1903 393 1987 Qua
413 1906 456 1972 de
477 1925 576 1972 causa
598 1907 763 1991 vulgatam
785 1908 932 1973 retinens
959 1907 1065 1972 locum
1097 1904 1148 1973 ita
1178 1924 1241 1973 ex·

153 2005 259 2090 plicor
300 2005 350 2073 Si
370 2007 534 2072 summis
556 2013 596 2072 et
617 2007 865 2091 praecipuis
892 2006 1027 2073 lactis
1046 2024 1161 2092 quau
1191 2004 1239 2075 td

154 2121 266 2172 arma
294 2113 514 2193 spectant,
555 2107 679 2173 etiam
711 2123 784 2192 per
813 2106 995 2173 consilia
1021 2100 1238 2197 (proderetis)

155 2223 338 2272 summum
368 2208 443 2277 sive
466 2207 599 2294 palma
628 2206 804 2272 virtutis
837 2206 1133 2292 imperatoriae
1162 2206 1238 2273 arl-
1277 2266 1280 2273 .

154 2303 282 2386 ditur,
313 2307 452 2374 Lacon
482 2308 642 2374 multum
670 2312 843 2393 superat
880 2306 1112 2373 Romanum.
1154 2308 1253 2381 Nan„

153 2411 325 2493 postquam
351 2409 447 2475 iniis
468 2429 552 2496 quae
573 2405 789 2485 antecedunt,
831 2406 1028 2472 Plutarchus
1056 2405 1236 2487 affirmavit

152 2504 372 2622 Pompeium
362 2528 397 2575 ιι
412 2510 516 2576 rebus
537 2509 663 2575 bellicis
684 2507 1038 2597 praestareAgeailao,
1059 2522 1146 2573 nunc
1166 2522 1236 2594 pm·—

152 2606 219 2690 git·
249 2607 284 2674 iu
305 2610 450 2676 consiliis
471 2610 644 2697 capiendis
663 2607 836 2693 prudentia
856 2606 1046 2691 Agesilaum
1067 2614 1237 2703 praestare

153 2706 332 2796 Pompeio,
373 2716 474 2797 atquc
494 2729 567 2777 eam
588 2710 791 2793 conjunctam
813 2727 882 2774 cum
904 2707 1029 2775 bellicis
1051 2707 1151 2775 lactis
1170 2706 1239 2795 pri·
1277 2726 1280 2781 ζ

130 2798 285 2874 ‘mariam
316 2829 394 2877 esse
422 2811 517 2877 ιιιιίι
548 2811 712 2876 virtutem.
752 2808 944 2894 Agesilaum
971 2809 1058 2874 enim
1075 2808 1235 2875 Ιιιιιὶιιιι

100 2924 114 2939 ·
151 2909 485 2996 appropinquantibus
514 2911 651 2998 patriam
679 2909 790 2975 urbem
816 2926 883 2974 non
911 2907 1130 2976 deserendam
1159 2922 1235 2977 east

151 3008 339 3088 censuisse,
362 3012 411 3077 uti
430 3012 626 3099 Pompejum.

236 3107 331 3191 Quod
352 3113 515 3179 antemio
536 3113 589 3178 bis
609 3112 688 3179 vitis
709 3111 802 3198 plura
823 3114 919 3177 eraut
938 3108 1158 3199 corrigenda,

150 3207 319 3276 miraberis
340 3213 489 3300 cogitans
509 3232 568 3280 eas
589 3219 656 3279 tum
676 3213 841 3296 longiores
861 3230 959 3290 csse,
999 3216 1069 3278 tum
1099 3212 1236 3279 uonrh

150 3308 303 3377 bonorum
323 3312 468 3380 codicum
488 3333 551 3402 ope
571 3313 772 3380 emendatas.
814 3309 872 3376 Ex
892 3282 1050 3379 tredecim
1069 3312 1170 3399 igitur
1183 3312 1237 3381 vi-

150 3407 236 3473 tiis
227 3428 260 3475 m
283 3411 354 3478 vita
375 3412 524 3498 Agesilai
545 3414 651 3481 obviis
673 3419 826 3500 poteraut
847 3410 1066 3505 tantummodo
1087 3410 1153 3479 due
1173 3408 1237 3507 [ln

150 3525 223 3595 cap.
246 3510 305 3577 Vl.
326 3520 361 3578 et
373 3511 538 3605 XXXII.)
561 3534 581 3581 ι
602 3514 768 3580 codieibos
788 3513 868 3600 tolli,
887 3498 1025 3598 quatuor
1044 3512 1122 3579 aliia
1137 3514 1236 3581 etin

151 3607 195 3674 de
227 3612 338 3677 causis
370 3612 563 3680 videbantur
594 3633 672 3681 ease
703 3613 919 3700 corrigenda,
959 3632 991 3680 v.
1013 3630 1042 3679 c.
1062 3612 1126 3681 lX.
1146 3612 1237 3681 ΠΙ.

150 3708 226 3775 ΧΧ.
249 3717 286 3777 ιι
305 3712 462 3779 XXXVl.
494 3722 528 3782 ιι
549 3722 677 3802 septem
706 3719 841 3802 propter
868 3715 990 3781 blatum
1017 3714 1237 3797 emutatus,
1266 3720 1273 3735 ⁸

150 3826 185 3875 v.
207 3829 234 3887 a
257 3811 283 3876 1.
305 3812 383 3879 Xll.
404 3814 479 3882 XV·
495 3815 590 3882 XXl.
613 3815 719 3885 XXV.
741 3814 1087 3884 XXXLetXXXIV.
1115 3814 1239 3885 mula

152 3909 299 3997 Pompeji
310 3932 353 3979 ex
363 3908 606 4000 quatuordecim
619 3917 760 3984 hiatibus
774 3922 925 4002 poteraut
935 3917 1076 4003 quinque
1091 3914 1238 3985 uem

153 4014 434 4085 auctoritatesive
445 4018 608 4087 removeri
620 4016 695 4085 sive
708 4016 1237 4105 improbari,v.c.X1·XiV·XlX·
