2580 4514
408 1013 893 1133 PRAEFATIO.

205 1245 724 1352 comarumcomarum,
777 1279 876 1353 quem
903 1253 1034 1352 antiqui
1061 1249 1198 1330 'hiatum
1215 1276 1228 1345 ᾗ

93 1382 338 1464 vocaverunt,
372 1373 538 1449 vitiosum
572 1397 657 1449 esse
691 1380 834 1465 censet,
867 1380 973 1448 cavet
997 1370 1117 1469 etiam,
1152 1394 1198 1446 ne

93 1487 180 1562 sine
204 1487 339 1564 idonea¹
360 1513 468 1566 causa
494 1491 668 1588 ejusmodi
693 1490 815 1565 vitium
840 1489 877 1562 in
911 1486 1099 1563 scribendo
1133 1478 1198 1560 ad-

95 1605 225 1680 mittat
282 1607 366 1682 Hoc
395 1607 521 1684 ductus
554 1607 766 1707 syllogismo
800 1605 837 1679 id
870 1604 1028 1707 inprimis
1058 1605 1094 1678 in
1127 1604 1214 1711 hac·
1262 1639 1264 1645 ’

97 1721 148 1797 de
174 1722 272 1798 hiatu
296 1714 535 1826 disputatione
560 1721 794 1821 quaerendum
819 1746 904 1799 esse
929 1721 1077 1825 putavi,
1120 1723 1198 1820 qui-

96 1863 180 1914 nam
205 1840 399 1943 scriptores
430 1840 552 1941 graeci
586 1841 690 1916 istam
721 1841 897 1923 vocalium
930 1838 1197 1918 concursionem

96 1959 144 2033 ab
184 1958 352 2034 orationis
392 1958 572 2059 elegantia
612 1956 760 2033 alienam
774 2060 777 2066 .
793 1981 879 2034 esse
920 1957 1096 2036 duxerint.
1154 1960 1198 2036 ld
1238 1953 1241 1960 ’

97 2085 215 2175 autern
248 2100 350 2176 quum
377 2101 426 2153 ex
451 2085 609 2153 veterum
635 2075 809 2152 rhetorum
836 2085 872 2152 et
897 2078 1199 2177 grammaticorum
1223 2094 1249 2139 ὃ

97 2192 331 2289 testimoniis,
365 2203 436 2270 tum
470 2219 519 2270 ex
552 2194 694 2298 scriptis
725 2187 915 2289 oratorum,
951 2196 1199 2274 historicorum

98 2312 313 2412 aliorumque
346 2314 437 2417 ipsis
470 2313 625 2417 perspici
659 2338 769 2417 posse
795 2313 981 2392 arbitratus
1015 2343 1102 2393 sum.
1154 2321 1197 2394 In

96 2434 260 2508 Isocrate
286 2458 355 2531 quo
381 2442 457 2530 erat
481 2433 657 2537 insignius
684 2443 721 2510 et
745 2436 859 2532 majus
884 2433 1002 2510 hiatus
1041 2437 1198 2512 evitandi

98 2548 263 2648 studium,
289 2551 326 2625 id
352 2575 396 2626 eo
422 2551 562 2627 facilius
588 2536 726 2653 poterat
752 2551 1002 2644 demonstrari,
1028 2561 1133 2651 atque
1158 2555 1216 2628 in·

97 2665 169 2742 lroc
190 2667 347 2769 inprimis
368 2669 541 2771 scriptore
569 2670 595 2743 ii
618 2669 827 2744 videbantur
854 2668 1006 2774 minime*
1020 2695 1105 2746 esse
1134 2697 1196 2745 an·
1240 2721 1241 2725 η

97 2782 231 2879 diendi,
258 2786 316 2886 qui
343 2778 605 2879 contenderent,
631 2784 726 2860 hunc
754 2783 999 2887 politissimum
1025 2797 1214 2864 oratorem

97 2901 272 2978 interdum
283 2903 354 2986 hac
370 2905 406 2978 in
420 2928 459 2980 rc
472 2927 657 3007 peccasse.
697 2903 761 2979 Uti
787 2903 878 2978 enirn
905 2904 1111 3006 scriptorem
1138 2909 1196 3007 qui

99 3019 290 3119 diligenter
315 3031 351 3097 et
377 3031 541 3099 accurate
566 3023 606 3098 in
636 3006 822 3098 scribendo
856 3032 1038 3122 versetur,
1090 3036 1192 3100 nemo

96 3137 205 3213 facile
222 3137 355 3236 credet,
382 3140 901 3240 grammaticorum'praecepta
925 3143 1134 3240 neglexisse
1160 3154 1197 3218 et

98 3255 245 3331 soloecc
276 3257 493 3359 scripsisse,
544 3258 594 3332 ita
618 3246 725 3332 etiam
746 3256 787 3330 'in
813 3257 974 3333 Isocrate
1000 3283 1089 3356 quae
1115 3259 1196 3334 hia-

99 3375 201 3462 bant,
240 3373 357 3474 potins
381 3359 616 3471 librariorum,
658 3399 761 3472 quam
787 3374 942 3448 auctoris
975 3376 1099 3477 culpae
1130 3378 1196 3450 tri-

61 3488 236 3564 ‘buenrla
278 3515 362 3567 esse
396 3494 594 3569 censebam.
671 3491 821 3567 Minime
855 3501 968 3567 autem
1000 3495 1044 3569 ab
1076 3518 1195 3570 eorum

96 3607 182 3680 steti
213 3616 338 3707 parte,
391 3609 449 3707 qui
474 3609 579 3686 etiam
604 3609 640 3684 in
666 3607 891 3711 apostrophis
918 3609 1091 3712 ponendis
1124 3621 1194 3685 tam

95 3723 287 3821 religiosos
312 3725 426 3801 fuisse
450 3727 612 3803 librarios
639 3729 876 3830 opinarentur,
905 3740 944 3804 ut
968 3720 1109 3805 nonnisi
1130 3753 1194 3835 co-

94 3865 169 3912 rum
184 3843 409 3918 ‘auctoritate
439 3868 511 3921 *eos
546 3842 726 3948 ponerent.
808 3846 921 3936 Quum
952 3847 1043 3922 enim
1074 3845 1109 3917 in
1130 3844 1195 3919 'irr-

95 3959 350 4057 terpunctionis
376 3958 491 4057 signis
516 3964 694 4062 ponendis
718 3969 787 4057 jam
814 3967 940 4041 dudum
973 3965 1064 4037 inter
1093 3963 1194 4041 viros
