2564 4508
425 95 828 190 '-1ro-

28 272 30 277 Ι
151 293 298 378 γίνονται
318 289 414 383 (aad,
432 295 476 359 Ζ.
499 281 598 383 ἦγεν)
626 293 903 378 έν-Παρθενέῳ
925 289 1143 380 ὄρει-αὐτῷ
1168 292 1243 362 auc-

150 388 447 460 στιιλεν-τιθεται
461 389 720 478 υἱὸν-Πριάμῳ
733 390 926 476 εὶς-τούτῳ
946 390 1240 480 οἱαάφικκοῦνται

150 493 399 560 ἐτι-Μενέλαον
420 491 631 573 αὐτοὺς-εἴν]
651 491 802 577 ὁ-αἰιτῴ
824 492 911 573 ἔδοξε
933 498 968 559 et
988 495 1038 560 sic
1058 495 1092 560 in
1114 495 1242 581 reliqua

147 596 304 661 orationis
325 602 432 681 parte.
477 595 735 661 Alcidamantem
756 601 864 661 antem
887 614 1006 662 revera
1027 597 1150 660 hiatum
1172 614 1238 663 noa

149 696 293 780 fugisse,
313 704 406 782 patet
428 717 469 764 ex
492 698 686 780 fragmento,
709 697 794 782 qnod
817 697 1016 763 Aristoteles
1038 695 1173 762 Rhetor.
1193 697 1239 769 ll,

149 793 212 862 23.
233 797 359 882 attulit,
381 799 501 884 inquo
524 798 556 862 hi
578 798 729 882 legantur
749 796 876 862 hiatus:
901 798 982 862 Χῖοι
997 794 1241 884 Ὅμηρον-ιρι·

148 895 281 980 λολιόγοι
302 896 663 982 ὄντες-Λαμψακηνοὶ
689 895 1138 985 Ἀναξαγόραν-φιλόσοφοι
1165 904 1238 981 aya-

147 1024 253 1064 νοντο.
317 998 465 1065 Eatenus
496 999 594 1084 igitur
621 1004 734 1084 potest
761 999 802 1064 ah
834 999 1060 1064 Alcidamante
1089 1000 1238 1085 prolecta

15 1143 26 1151 -
148 1119 234 1167 εεεο.
277 1097 325 1165 Et
344 1099 535 1166 simillimum
556 1100 655 1166 etiam
675 1105 728 1165 est
749 1098 961 1183 fragmentum
982 1101 1054 1167 loco
1073 1100 1119 1164 illi
1144 1098 1237 1167 186.

147 1202 329 1288 αΝέστοιρ
349 1198 414 1287 γὰρ
436 1197 454 1265 ὁ
476 1198 696 1289 πρεσβύτατος
718 1218 820 1285 usque
848 1200 891 1266 ad
920 1197 958 1266 τὸ
986 1203 1083 1266 πλέον
1110 1204 1168 1266 καὶ
1196 1203 1237 1268 τὸ

148 1303 291 1366 ἔλαττον.
334 1298 388 1367 Ea
409 1309 517 1368 antem
539 1303 622 1368 vitia
643 1321 726 1388 quae
740 1301 943 1366 Aristoteles
956 1301 1094 1366 Rhetor.
1117 1301 1181 1390 lll,
1203 1301 1238 1366 3.

148 1407 335 1489 enumerat,
353 1412 361 1425 '
378 1421 485 1488 neque
513 1409 578 1468 tam
609 1404 793 1489 frequentia
813 1407 891 1466 sunt
913 1402 945 1467 in
967 1402 1032 1467 isto
1054 1403 1238 1488 fragmento

147 1521 253 1588 neque
276 1523 409 1588 prorsus
431 1502 547 1568 absunt
579 1504 619 1569 ab
642 1524 691 1583 ea,
714 1503 755 1569 de
777 1523 840 1590 qua
862 1503 1035 1588 loquimur,
1076 1502 1236 1573 oratione.

147 1604 259 1670 Veluti
273 1601 373 1669 ¹186.
396 1604 451 1668 ult.
474 1603 559 1670 haec
580 1605 749 1687 leguntur:
792 1600 912 1686 κύβους
932 1592 977 1667 αὖ
997 1612 1152 1685 μέγιστον
1172 1628 1236 1670 κα-

145 1702 204 1770 κὸν
224 1703 392 1785 κατέδειξε,
413 1716 481 1780 τοῖς
501 1706 559 1786 μὲν
579 1701 750 1783 ἡττηθεῖσι
771 1701 875 1780 λύπας
896 1707 952 1769 καὶ
974 1705 1106 1787 ζημίας.
1119 1705 1239 1780 taiadi

145 1802 324 1884 νενικηκόσι
346 1807 558 1887 καταγέλωτα
579 1807 636 1870 καὶ
659 1803 779 1880 ὄνειδος
801 1811 837 1871 et
857 1806 952 1891 paulo
974 1824 1091 1890 suptar
1134 1811 1239 1892 μέτρα

146 1909 179 1972 δέ
200 1909 256 1972 καὶ
277 1902 419 1986 σταθμὰ
440 1903 560 1994 ἐξεῦρε,
599 1903 756 1983 καπήλοις
776 1907 833 1970 καὶ
855 1903 1024 1991 ἀγοραίοις
1045 1901 1240 1992 ἀνθρώποις

145 2001 274 2080 ἀπάτας
295 2008 350 2070 καὶ
371 2011 544 2092 ἐπιορκίας,
566 2004 699 2082 πεττούς
720 2030 756 2088 γε
777 2004 840 2088 μὴν
860 2017 930 2082 τοῖς
950 2003 1065 2092 ἀργοῖς
1086 2008 1153 2073 τῶν
1174 2005 1238 2073 o’tr-

146 2105 229 2188 ὃρών
250 2104 357 2186 ἔριδας
377 2106 433 2166 καὶ
461 2109 632 2189 λοιδορίας.
683 2107 816 2167 Minime
845 2109 944 2187 igitur
971 2125 1041 2168 cum
1069 2108 1191 2170 Fossis
1217 2107 1238 2173 l.

98 2197 102 2206 ’
145 2204 197 2270 all.
220 2224 252 2288 p.
270 2200 332 2268 85.
356 2203 507 2289 dixerim,
531 2215 654 2269 certum
671 2210 705 2268 et
726 2223 746 2268 a
768 2203 968 2270 dubitatione
989 2223 1125 2270 vacuam
1148 2223 1240 2290 esso,

146 2305 412 2370 declamationem
437 2306 534 2369 istam
556 2324 619 2370 nou
642 2323 720 2369 esse
742 2303 1003 2390 Alcidamantis,
1029 2323 1136 2392 neque
1156 2305 1239 2372 inde

147 2405 231 2491 quod
253 2405 360 2490 Aegis
381 2412 416 2472 et
437 2406 569 2491 Nauplii
589 2406 784 2472 mentionem
805 2404 883 2469 iecit
904 2407 1070 2496 sophista,
1098 2407 1237 2472 conclu-

146 2507 263 2592 serim,
286 2525 357 2572 enm
381 2505 526 2571 Diodoro
548 2507 665 2572 similia
687 2507 853 2571 referente
876 2523 953 2572 esse
976 2526 1072 2572 usum
1088 2515 1238 2592 auctora,

145 2627 215 2673 cum
238 2608 436 2693 antiquiores
458 2608 585 2672 tabulae
607 2626 685 2672 esse
707 2605 899 2695 videantur,
941 2610 1025 2693 qnas'
1050 2615 1086 2673 ot
1106 2608 1240 2675 Diodo-

145 2727 201 2775 rus
222 2715 340 2794 postea
361 2714 395 2773 et
418 2708 635 2774 Antisthenes
655 2713 755 2773 antea
776 2709 820 2771 sit
841 2714 984 2772 secutus.

233 2810 279 2874 At
308 2808 362 2894 qui
390 2807 474 2872 hanc
505 2811 683 2875 orationem
712 2809 850 2874 noudum
878 2808 1005 2873 idoneis
1034 2811 1239 2894 argumentis

146 2909 365 2977 Alcidamanti
386 2927 464 2973 esse
485 2909 701 2994 abjudicatam
721 2915 879 2987 statuam,
900 2928 964 2974 non
986 2926 1120 2994 possum
1141 2910 1238 2977 iacc-

146 3029 201 3093 re,
233 3010 309 3094 quin
332 3008 465 3073 alteram
488 3010 530 3076 de
554 3011 770 3096 Sophistis
792 3010 948 3096 scriptam
971 3012 1146 3076 orationem
1170 3028 1237 3100 non

146 3109 384 3184 Alcidamantis
405 3128 482 3174 esse
504 3109 626 3177 ducam.
670 3112 744 3177 llac
773 3111 858 3176 enim
886 3098 918 3175 ih
944 3112 1092 3176 oratione
1118 3110 1238 3183 eadem

145 3213 217 3277 fere
237 3208 425 3294 diligentia,
448 3229 511 3296 qtra
532 3211 573 3274 ab
595 3211 743 3277 lsocrate
766 3214 901 3296 ejusque
924 3210 1092 3297 discipulis
1113 3212 1237 3279 iactum

144 3317 214 3387 est,
238 3310 345 3375 hiatus
368 3315 422 3376 est
442 3310 596 3376 evitatus.
641 3309 712 3392 Qua
734 3319 842 3378 tamen
864 3314 897 3376 in
917 3331 955 3377 re
976 3312 1240 3381 Alcidamantem

146 3408 285 3476 studium
318 3430 383 3476 non
412 3412 563 3495 posuisse
592 3429 635 3476 ex
662 3412 841 3496 fragmento
868 3414 909 3479 ab
933 3414 1115 3479 Aristotele
1137 3413 1239 3481 ltno-

146 3518 208 3578 tor.
239 3512 288 3591 ΙΙ,
320 3510 383 3576 23.
417 3511 516 3576 allato
538 3512 750 3577 intellexeris.
796 3513 910 3579 llabes
932 3519 1040 3581 antem
1061 3500 1095 3580 in
1121 3533 1175 3595 ca,
1204 3514 1239 3580 ei

140 3612 294 3699 judicium
316 3633 358 3679 ex
382 3613 509 3679 ratione
530 3613 617 3698 iers,
643 3631 706 3696 qua
729 3611 961 3680 Demosthenis
984 3616 1131 3700 publicae
1153 3632 1239 3682 ora-

145 3714 253 3780 tiones
269 3712 464 3799 judicandae
486 3721 577 3787 sunt,
600 3712 682 3778 duos
703 3715 921 3781 tantummodo
943 3715 1061 3782 hiatus.
1085 3711 1150 3781 88.
1173 3712 1239 3781 xri-

144 3818 211 3898 ριοί
230 3819 311 3880 εἰσιν
332 3821 366 3881 el
389 3811 452 3880 9¹.
483 3823 633 3904 παρέργῳ
655 3809 887 3894 ἐπιμελόμενος.
933 3807 1046 3897 Quid?
1076 3815 1164 3903 quod
1191 3830 1240 3885 lto

147 3920 222 4000 post
251 3915 540 4002 interpunctionem
572 3913 700 4000 quidem
729 3920 764 3980 et
792 3915 972 4003 ubicunque
1000 3917 1033 3981 iu
1071 3915 1239 4002 loquendo

147 4032 251 4101 pausa
271 4015 318 4102 tit,
340 4035 401 4083 nec
424 4022 498 4102 post
526 4015 702 4102 particulas
724 4014 815 4095 illos,
836 4037 918 4101 quas
941 4035 1039 4102 supra
1061 4014 1239 4103 adscripsi,
