2564 4508
467 169 523 187 .-
588 102 664 200 ma
720 168 754 183 -

85 258 240 387 ἕφηλοοο
261 318 327 367 nou
346 303 432 367 satis
452 302 631 368 convenire
658 300 799 369 videtur.
828 278 949 371 'mirus
975 301 1079 370 eliam
1104 321 1162 393 ep-

85 409 181 487 paret
199 400 283 467 uude
304 402 367 477 τῶς
387 401 443 465 καὶ
465 403 539 469 sive
560 400 602 479 ὡς
628 404 685 469 καὶ
699 446 702 451 -
714 407 817 469 ortum
844 404 912 469 sit·
940 399 1087 491 Ἐφετώς
1113 418 1162 473 ts·

85 522 159 589 meu
180 521 244 569 uon
266 503 370 587 magis
393 503 612 587 probaverim,
635 522 705 569 cum
725 501 942 571 hucbertum
964 505 1026 570 boo
1047 524 1115 573 uno
1135 508 1162 575 ir

85 606 156 669 loco
178 605 360 690 reperiatur
380 610 416 668 et
436 603 605 670 obscurum
627 603 672 669 sit
693 623 788 690 quam
809 604 875 671 vim
896 605 949 671 bio
964 613 1162 675 teneotver·

86 707 160 773 bum
182 705 321 771 Graecis
346 704 561 770 inusitatum*
585 706 731 791 Comjicio
759 705 856 790 igitur
884 705 1054 792 Polybium
1082 709 1162 777 scri·

1 874 2 877 ,
86 804 198 893 psisse
219 828 255 871 σε
276 811 362 881 τέως.
411 806 500 883 Τέως
521 825 561 873 ea
581 808 617 873 vi
637 813 673 873 ut
694 809 754 872 sit:
783 805 826 872 ad
849 807 911 875 boc
932 813 1084 897 tempus,
1103 816 1162 877 tum

86 906 223 995 quidem.
268 905 342 971 lluc
364 907 449 972 euim
471 907 604 973 verbum
624 907 777 974 librarios
797 914 832 973 et
853 907 945 974 viros
965 909 1082 977 doctos
1096 912 1162 979 sae

87 1010 160 1095 pius
181 1007 264 1073 male
286 992 415 1096 habuit,
443 1007 481 1073 el.
503 1012 551 1086 11,
573 1005 643 1086 59,
664 1005 701 1074 8.
729 1008 784 1074 ubi
806 1028 889 1075 nuuc
909 1011 1000 1087 τέλος
1020 1008 1052 1075 δ’
1073 1014 1162 1079 'tm

90 1107 205 1185 σόντος
225 1109 345 1193 legitur
366 1116 401 1175 et
421 1114 471 1198 Η,
493 1109 538 1187 ὅ,
563 1108 626 1175 10.
648 1110 701 1175 Σε
722 1109 775 1175 hic
795 1111 900 1177 fuisse
921 1111 1075 1197 scriplum
1096 1110 1162 1179 indt

90 1207 261 1287 concludo,
304 1210 379 1296 quia
399 1208 482 1276 inira
504 1216 579 1295 post
599 1207 787 1293 ἀναγκάσαι
807 1212 841 1277 im
863 1212 947 1296 Aug.
967 1216 1003 1278 et
1024 1213 1108 1299 λῦσε.
1130 1212 1162 1279 Δ

72 1310 195 1403 deest.
237 1312 398 1377 Fortasse
418 1310 515 1394 igitur
536 1313 655 1399 ὲφετιῦς
677 1330 719 1377 ex
740 1335 776 1378 σε
796 1317 874 1388 τέως
895 1317 999 1379 ortum
1018 1320 1083 1379 est.

175 1413 288 1481 Facile
309 1413 396 1479 seres
418 1416 486 1500 IX,
508 1409 545 1480 Θ.
567 1414 623 1477 καὶ
641 1408 864 1495 Ἐπιδάμνιοι,
907 1413 969 1480 serl
988 1416 1046 1493 Χ,
1067 1410 1102 1480 2.
1130 1430 1162 1479 er

91 1517 257 1582 ἐποιοῦντο
285 1520 360 1580 ante
381 1510 495 1595 ἀγῶνα
521 1514 574 1579 fac
601 1510 772 1579 ruorobe’.
802 1517 874 1594 XI,
904 1512 939 1579 3.
976 1515 1011 1581 in
1045 1513 1159 1583 verbis

92 1613 264 1703 ὑστερήσας
286 1616 319 1680 δῦ
339 1616 399 1678 τοῦ
418 1615 551 1700 καιροῦ,
574 1609 661 1696 ὅμως
681 1620 817 1691 veteres
837 1615 910 1681 libri
930 1621 964 1682 et
985 1613 1059 1682 edd.
1086 1613 1120 1681 1.
1141 1634 1162 1681 e

93 1716 130 1785 2.
150 1718 272 1783 habeut
292 1713 350 1780 τὸν
370 1712 494 1801 καιρὸν,
517 1715 602 1802 quod
624 1716 763 1781 casaub.
781 1716 902 1783 Bavar.
923 1722 1047 1783 auctor.
1067 1721 1162 1783 muts

92 1820 143 1885 vlt
156 1819 190 1884 iu
203 1818 267 1881 τιῦν
280 1816 410 1901 ιιαιριῦν.
422 1815 507 1902 Reg.
521 1816 560 1881 B.
573 1823 609 1882 et
623 1818 661 1882 0.
678 1823 791 1885 comba
805 1815 964 1885 dederuut
977 1819 1038 1883 τοῦ
1048 1817 1162 1905 καιροῦ

93 1919 177 2007 quorl
199 1917 389 2001 Schweigh.
411 1917 572 2003 praetulit,
595 1919 669 2003 quia
691 1937 785 1983 unum
807 1918 902 1985 modo
920 1924 1049 2005 tempus
1071 1917 1162 1987 luerit

93 2021 138 2087 rle
159 2038 221 2106 quo
244 2018 296 2083 hic
317 2027 444 2102 agatur.
494 2019 565 2083 Turi
585 2021 701 2107 καιροῦ
724 2019 827 2085 voluit
848 2021 947 2087 ctiam
968 2017 1115 2087 Gronov.
1144 2036 1162 2087 e

94 2121 215 2207 legitur
226 2119 260 2184 iu
272 2138 330 2185 ora
343 2117 414 2185 eorl.
431 2119 530 2186 Voss.
566 2120 614 2184 At
626 2120 732 2206 potuit
744 2139 827 2187 sone
842 2120 986 2188 diversis
998 2120 1162 2187 obsidioni

97 2221 295 2307 temporibus
316 2219 485 2298 advenire,
508 2220 593 2287 unde
606 2223 669 2286 τῶν
683 2224 805 2306 καιριῦν
820 2222 989 2308 Polybium
1001 2222 1162 2307 scripsise

98 2319 300 2388 crediderim.
343 2317 437 2400 Quod
452 2327 560 2386 autem
578 2320 845 2408 Schweiglr.V1,
862 2321 923 2403 18,
939 2322 974 2386 e.
988 2327 1024 2387 et
1035 2321 1096 2409 Ν,
1114 2318 1162 2387 22

98 2421 136 2490 8.
158 2420 299 2489 conferri
315 2421 420 2506 jubet,
441 2421 474 2487 in
496 2422 600 2489 altero
621 2423 692 2489 loco
714 2442 779 2489 mou
799 2422 904 2489 miuus
924 2423 1003 2489 milri
1022 2424 1089 2488 τῶν
1107 2446 1162 2489 rra

98 2520 390 2611 perscribendum
419 2539 496 2586 esse
526 2520 664 2587 videtur.
709 2524 788 2608 Cap.
817 2526 898 2609 ΧΗ,
927 2521 963 2589 3.
991 2523 1162 2609 corriget

98 2618 318 2704 άναχωράσειν
340 2629 376 2687 et
396 2625 479 2686 XIV
486 2668 497 2706 ,
522 2620 557 2687 3,
584 2622 619 2686 iu
647 2610 775 2688 verbis:
818 2618 904 2688 οῦτω
924 2622 988 2712 γάρ
1009 2627 1104 2690 ἔσται
1124 2646 1162 2691 nu

98 2724 142 2792 τά
163 2726 232 2808 περὶ
253 2718 312 2797 τάς
333 2719 460 2807 πράξεις
487 2724 684 2809 διαφέροντα
714 2730 886 2788 κατανοεῖν
906 2722 1079 2806 βελτίονα,
1101 2722 1162 2793 ὑπο

100 2832 288 2915 γραφέντων
309 2844 338 2886 κ.
359 2846 388 2885 τ.
411 2824 439 2886 λ.
462 2828 552 2889 reete
574 2821 726 2908 Scaliger
746 2826 873 2910 βέλτιον
893 2824 1007 2891 maluit
1026 2846 1087 2912 pro
1106 2829 1162 2911 βνλ

101 2931 211 3013 τίσνα,
232 2942 338 3010 neque
361 2923 442 2989 berre
465 2942 536 2989 cum
555 2923 748 3010 Schweigb.
768 2945 814 2991 ex
835 2944 906 3012 cap.
928 2928 1013 3007 XV,
1032 2924 1071 2993 4.
1092 2924 1162 3017 άιιρ

102 3030 245 3113 βέοτατα
265 3020 475 3101 κατανοήσειε
496 3026 677 3111 comparari
698 3031 827 3112 potest,
857 3046 928 3092 cum
949 3028 1162 3113 superlativum

101 3146 209 3213 neque
230 3134 338 3191 tamen
367 3127 606 3210 comparativus
639 3127 871 3193 adverbialiter
897 3128 945 3195 ita
972 3126 1053 3197 dici·
1071 3130 1162 3216 possi

105 3231 186 3314 Cap.
208 3230 293 3313 XV,
313 3224 349 3292 8.
372 3228 429 3291 ιιαὶ
445 3225 582 3307 Ἆγωντς
603 3248 668 3294 nou
691 3228 841 3308 offendit,
861 3230 925 3295 uisi
946 3248 997 3310 eo,
1017 3230 1105 3317 quod
1125 3250 1162 3318 po

104 3329 172 3416 puli
192 3327 287 3411 hujus
309 3325 426 3391 Gallici
448 3348 562 3394 nomeu
584 3329 726 3412 ignotum
748 3335 783 3397 et
803 3332 971 3397 obscurum
992 3337 1055 3397 est.
1077 3336 1161 3400 XVI

105 3429 140 3495 b.
164 3430 197 3494 δὲ
222 3426 368 3494 Οὐένετοι
395 3428 540 3495 emenda.
561 3433 658 3511 XIX,
690 3428 726 3496 6.
755 3431 875 3497 verba:
917 3434 1162 3519 ννροσιμιλσνειια,Ι

105 3554 218 3606 σαντες
238 3527 316 3615 πρὸς
336 3525 375 3592 τὸ
396 3527 528 3612 γεγονὸς
548 3529 717 3613 ἐλάττωμα
738 3530 849 3607 αὐτοῖς
867 3528 1022 3612 Ῥωμαῖοι
1044 3534 1093 3602 its
1114 3552 1162 3603 (tor

108 3632 196 3698 rexit
222 3629 409 3713 Schrveiglr.
443 3639 619 3716 praeeunte
650 3635 843 3700 Casaubono
873 3654 931 3720 pro
958 3635 1094 3720 vulgato
1124 3660 1162 3703 το

104 3730 273 3811 Ῥωμαίοις
294 3731 442 3796 scribens
464 3729 576 3809 αὐτοῖς
594 3731 756 3816 Ῥωμαῖοι.
801 3736 930 3802 Credes
950 3742 1061 3803 autem
1080 3736 1162 3805 coll

109 3834 201 3900 cilius
222 3840 291 3906 τοῖς
307 3828 475 3913 Ῥωμαίοις
505 3852 548 3898 ex
569 3831 681 3911 αὐτοῖς
706 3832 858 3917 Ῥωμαῖοι
889 3842 992 3903 ortum
1020 3856 1122 3927 esse,

109 3952 232 4000 mecum
254 3933 423 4017 putaveris
443 3935 610 4018 aPolybio
632 3928 783 4017 ὲλάττωμ
808 3932 920 4013 αὐτοῖς
939 3935 1093 4020 Ῥωμαῖοι
1112 3956 1162 4005 set

111 4039 199 4119 ptum
223 4032 345 4121 luisse,
386 4033 472 4101 unde
494 4041 664 4122 postquam
685 4031 854 4119 ἐλάττωμα
874 4048 944 4115 τοῖς
973 4038 1098 4107 laetum
1126 4056 1162 4107 ee
