2564 4508
480 56 755 160 ...325ss

61 283 247 351 pronomen
270 263 330 329 hoc
353 262 523 328 delendum
547 282 625 328 esse
646 268 742 348 puto,
786 285 858 330 nam
888 265 920 329 in
943 269 1033 348 ouius
1053 252 1157 333 imno-
1228 303 1258 342 ,-

62 383 139 430 rem
160 366 267 449 posita
289 367 334 428 sit
355 370 464 429 statna
485 366 517 428 in
540 363 659 448 templo
682 363 817 430 Vulcani
841 383 860 429 e
883 384 968 429 nexu
995 365 1065 448 ipso
1095 386 1155 452 pa-

68 472 137 552 tet,
160 485 224 529 non
247 465 293 529 ita
315 485 371 529 cur
392 466 424 528 in
447 465 567 550 tempto
592 463 738 529 Vulcani.
780 463 818 529 C.
842 464 932 528 XIX.
958 462 1047 528 107.
1072 467 1101 531 b.
1123 467 1155 530 io

63 566 199 633 verbis:
238 564 362 650 Ἀῥρων
384 563 402 629 ὁ
425 565 584 650 Πορσήνα
605 560 674 638 υίὸς
696 561 789 642 ὀξέως
810 564 1056 649 προσεβοήθησε
1079 565 1154 628 miIti

66 684 108 732 ea
130 667 287 733 orationis
310 667 533 740 conformatio,
569 665 706 749 quaein
731 665 796 728 libr.
819 665 861 729 de
884 666 1006 729 molier.
1029 665 1104 728 virt.
1126 686 1154 728 υ.

67 765 159 830 XIV.
168 767 317 850 degitur,
342 765 553 851 praeferenda
576 783 655 830 esse
677 762 823 850 videtdr,
854 786 896 830 ex
917 784 980 850 qna
1002 761 1071 838 υίὸς
1093 763 1154 830 de·

67 868 198 932 tondum
221 874 255 930 et
279 887 335 950 pro
356 864 450 944 ὀξέως
470 862 555 941 ταχὺ
577 874 629 929 est
651 866 863 932 scribendum.
908 866 973 930 Pro
996 860 1154 946 Πορσήνα

64 973 176 1032 antem
203 965 292 1031 dedit
320 965 405 1031 Sint.
433 967 585 1050 Πορσίνα
612 973 647 1029 et
676 985 733 1051 pro
757 964 880 1050 Ἀρρων
918 967 951 1030 in
979 966 1070 1030 dont.
1100 973 1154 1029 est

59 1067 175 1151 Ἄριον.
220 1063 258 1132 C.
273 1066 398 1130 XXIII.
421 1063 510 1131 ⁴09.
533 1086 559 1130 ο.
583 1087 641 1150 pro
662 1064 933 1151 συμφρονήσασαι
955 1066 1152 1150 ἐπένθησαν,

64 1166 152 1253 qood
175 1155 309 1232 e'Bodt.
337 1166 370 1232 1.
395 1166 431 1232 V.
446 1167 574 1231 ‘editum
596 1173 659 1243 est,
682 1167 784 1229 ceteri
805 1165 898 1230 eodd.
919 1168 1040 1229 rectius
1062 1175 1153 1231 tueo-

64 1277 118 1332 tnr
140 1265 410 1351 συμφρονήσασαι
432 1269 649 1344 διεπένθησαν
670 1263 765 1350 idque
787 1264 878 1331 dedit
899 1264 1110 1330 Sintenisius.

150 1367 241 1447 ροσε
263 1367 359 1450 igitur
382 1370 413 1430 in
437 1367 486 1431 his
508 1366 631 1431 duabus
656 1368 734 1431 vitis
756 1364 967 1449 corrigendos
984 1365 1152 1430 essedarii

63 1470 184 1532 novem
203 1468 300 1544 toros,
323 1484 363 1531 eo
386 1467 509 1532 faritius
532 1469 655 1552 poteris
679 1465 863 1542 emendare,
888 1487 950 1551 qno
973 1467 1076 1548 magis
1099 1467 1151 1528 si·

62 1568 127 1632 mni
150 1566 294 1632 oodienm
316 1569 509 1631 auctoritate
532 1559 671 1631 nitaris.
705 1567 756 1630 Ita
786 1568 818 1630 in
841 1567 974 1632 Solonis
1002 1569 1072 1632 vita
1100 1568 1150 1632 ai-

61 1679 169 1734 terum
191 1669 293 1732 Iocum
314 1663 366 1757 (ο.
391 1666 542 1752 XXIII.)
565 1687 584 1731 o
606 1667 733 1744 oodiee,
762 1668 897 1733 alterum
918 1667 969 1756 (e.
994 1664 1056 1757 V.)
1078 1669 1151 1735 aliis
1251 1676 1258 1687 “

60 1768 104 1832 do
127 1769 237 1832 causis
259 1766 491 1832 emendandum
514 1787 591 1833 esse
613 1768 700 1832 duxi.
743 1767 817 1832 Non
848 1768 951 1832 minus
977 1769 1010 1832 io
1033 1767 1147 1853 Popli-

45 1869 269 1938 .ooiae'vitae
292 1869 432 1953 ‹prinque
455 1868 563 1932 hiatus
585 1868 734 1932 librorum
757 1888 819 1952 ope
847 1875 999 1954 poterant
1026 1878 1060 1933 et
1088 1868 1148 1933 de-

60 1969 183 2034 bebant
212 1969 374 2032 removeri
404 1964 455 2057 (ο.
481 1967 506 2031 Ι.
529 1966 588 2032 XI.
612 1967 703 2032 XVI.
725 1968 817 2035 XIX.
848 1965 996 2058 xxttt.)
1026 1965 1069 2034 et*
1086 1971 1149 2034 duo

58 2071 137 2135 aliis
160 2069 201 2134 de
223 2071 331 2133 eaesis
352 2066 448 2157 (XV.
474 2075 507 2134 et
530 2067 655 2160 XVI).
702 2069 738 2134 In
756 2073 996 2156 comparatione
1011 2091 1053 2135 ne
1068 2092 1148 2136 rinos

58 2168 188 2256 quidem
212 2169 433 2252 reperiebatur
454 2170 572 2234 hiatus.

139 2262 191 2333 ¹In
223 2270 524 2335 Ttremistoetis
555 2272 625 2335 vita
653 2289 682 2335 e.
713 2269 820 2335 XXV.
853 2269 940 2335 124.
972 2290 998 2336 ο.
1031 2270 1148 2353 iegitur

58 2369 205 2456 quidem:
251 2369 447 2447 Θουκυδίδης
468 2372 504 2435 δέ
523 2395 603 2457 φησι
625 2372 681 2435 καὶ
702 2373 836 2435 πλεῦσαι
857 2367 977 2457 αὐτὸν,
999 2373 1149 2454 snspieor

58 2479 170 2538 tamen
192 2472 245 2536 hio
266 2472 381 2537 eodem
403 2472 495 2536 modo
518 2493 579 2558 quo
601 2491 674 2557 cap.
697 2471 816 2536 XXVI.
848 2469 1003 2554 seriptum
1031 2471 1148 2535 intere:

58 2575 117 2637 καὶ
138 2573 273 2636 πλεῦσαι
295 2576 394 2656 φησὶν
415 2569 524 2637 αὐτὸν.
567 2572 603 2639 C.
626 2573 783 2639 XXVIII.
819 2569 908 2636 126.
935 2590 993 2654 pro
1014 2566 1152 2646 -Ἐπειδή

59 2661 119 2737 οῦν
146 2672 340 2752 conjecerim
358 2669 447 2736 Ἐπεὶ
477 2672 506 2736 δ’
533 2662 600 2738 οῦν.
647 2672 683 2738 C.
705 2671 830 2737 XXIX.
863 2667 951 2735 126.
979 2689 1009 2734 e.
1052 2666 1147 2747 Αὕτη

56 2771 148 2855 μὲνὴ
167 2774 293 2857 κίδαρις
306 2768 365 2834 οὐκ
381 2775 445 2850 ἔχει
462 2776 643 2860 ἐγκέφαλον
663 2775 766 2838 verba
785 2778 862 2835 snnt
876 2771 1143 2855 Mithropanstae.

155 2873 192 2937 In
220 2871 386 2937 Camilli
426 2873 483 2938 vit.
512 2872 563 2953 lt,
597 2871 684 2939 139.
711 2873 742 2938 d.
779 2874 811 2937 in
841 2868 1084 2952 Μνημονεῦεται
1112 2867 1142 2934 δ’

57 2971 163 3037 αῦτοῦ
184 2975 319 3051 τιμητοῦ
341 2972 451 3060 ὄντος,
475 2973 603 3039 videtur
625 2971 719 3046 ὄντος
739 2971 911 3036 delendum
933 2988 1020 3036 esse.
1064 2972 1146 3036 sin-

23 3070 27 3079 ’
57 3079 121 3138 ton.
145 3089 203 3136 ex.
224 3073 264 3136 A.
288 3072 398 3138 dedita
443 3075 577 3155 τιμητοῦ
599 3070 701 3137 αὐτοῦ
728 3070 841 3149 ὄντος,
885 3069 970 3157 quod
997 3070 1146 3136 vitiosius

56 3175 156 3239 etiam
176 3181 240 3238 est.
271 3170 313 3238 C.
335 3173 373 3238 V.
400 3173 488 3238 131.
512 3175 534 3239 1.
558 3194 615 3259 pro
637 3174 687 3237 ἐπὶ
708 3169 797 3250 δεξιὰ
817 3169 982 3252 ἐξελίττειν
1004 3171 1145 3238 fortasse
1198 3207 1199 3210 ¹

56 3271 224 3351 ἐξελίττειν
253 3275 302 3336 ἐπὶ
329 3271 418 3352 δεξιὰ
447 3274 505 3338 tuit
533 3278 697 3358 seriptum.
743 3271 781 3338 C.
815 3271 907 3336 VIII.
936 3270 1026 3364 133.
1060 3291 1081 3338 a
1111 3273 1145 3336 in

57 3373 191 3438 verbis:
216 3372 449 3458 θορυβουμένῳ
471 3372 503 3439 δ’
528 3371 581 3438 ὑπ’
607 3371 715 3438 αῦτιῦν
735 3374 782 3456 τῷ
803 3369 968 3455 Καμιλλιμ
989 3376 1045 3438 καὶ
1068 3396 1144 3461 προ-

55 3470 186 3558 φάσεως
207 3471 382 3559 ἀποροῦντι
403 3475 567 3558 βελτίονος
586 3479 631 3549 είς
651 3472 709 3538 τὸν
730 3469 940 3545 ἀτοπώτατον
960 3474 1025 3536 τῶν
1039 3471 1145 3552 λόγων

55 3574 224 3657 συνέβαινε
244 3577 462 3659 καταφεύγειν
483 3573 696 3656 ὁμολογοῦντι
717 3570 945 3639 ἐπιλαθεσθαι
966 3575 1022 3650 τῆς
1050 3571 1144 3650 εὐχής

56 3675 199 3738 tortasse
227 3675 300 3738 oIIm
329 3672 553 3756 ὁμολογοῦντ’.
589 3675 608 3736 i.
631 3691 662 3740 e.
691 3673 912 3756 ὁμολογοῦντα
944 3674 1013 3738 soil.
1032 3671 1144 3753 ,λόγον

54 3781 126 3838 etat
158 3773 325 3858 scriptum.
396 3774 431 3840 O.
462 3774 502 3838 X.
534 3771 622 3839 133.
651 3774 672 3840 i.
701 3777 800 3839 uotam
829 3770 892 3858 γὰρ
924 3775 1065 3858 ἐχρῶντο
1097 3794 1142 3852 τῳ

52 3870 243 3956 διδασκάλου
276 3872 380 3959 ὥσπερ
403 3871 555 3953 Ἕλληνες
593 3881 625 3939 οί
654 3875 807 3958 Φαλέριοι
845 3877 921 3957 post
956 3867 1141 3950 διδασκάλῳ
1237 3904 1240 3909 <

51 3976 177 4040 rectius
214 3995 234 4039 a
269 3976 396 4047 Sinten.
430 3983 484 4042 est
515 3977 760 4062 intorpunotum.
810 3970 846 4037 C.
876 3973 965 4038 x111.
998 3965 1084 4037 135.
1112 3969 1140 4037 b.
