2580 4514
372 116 862 221 ,,---νι--Ι

75 312 154 397 mg.
180 307 280 398 349,
306 307 366 377 14.
389 306 483 396 351,
507 307 572 377 96.
595 311 786 395 (1111111Ιὲ1)
815 305 947 403 σφόδρα
975 298 1169 395 ἐπιοτεύθηι

77 436 145 479 σαν
166 413 355 496 legebatur)
379 408 475 489 354,
491 410 565 476 37.
607 411 738 479 Deinde
754 399 864 492 esd,
888 407 924 474 6.
953 411 1071 494 γνήσια
1095 414 1169 482 ἐνό-

78 514 148 594 μιζε
171 509 274 598 399,
299 510 363 577 98.
385 509 559 601 εὑδιὴγητοί
578 518 674 578 ἐστιν.
703 510 768 576 39.
790 509 953 599 δεινότερα
970 500 1170 602 ἐξαμαρτεῖν.

83 610 166 679 394
172 610 185 700 ,
207 612 270 677 56.
301 613 414 678 δίκαια
441 609 508 691 ἥκω
538 622 633 680 erunt
662 611 858 698 corrigenda
882 614 970 681 etin
992 614 1033 681 iis
1055 616 1169 686 eodem

80 713 176 780 modo
204 736 228 779 α
256 713 375 793 elides,
418 733 481 799 quc
501 710 565 779 'est
586 714 701 780 elisum
721 715 755 780 in
776 709 884 797 ἡμιόλ
910 715 1053 803 Trapez.
1078 715 1169 804 369,

85 811 180 880 19.
170 834 205 879 ιο
226 810 351 879 ἐναντί’
378 811 473 911 368,
496 811 562 880 49.
594 821 629 880 ut
650 804 778 881 tadeam
805 813 848 880 de
874 811 955 894 ἄξι’.
997 818 1170 905 Accedant

82 915 134 981 his
164 911 266 1002 385,
288 913 324 980 3.
354 914 458 994 ζῶντα
486 911 668 1003 ἐή.ξμαρτεν
694 910 792 999 399,
822 911 885 980 98.
914 905 1133 997 ὃνηθέντα’
1098 945 1168 1004 ουκ,

83 1004 157 1083 n'arn
185 1013 304 1094 ἔχονθ’
330 1016 415 1099 legis
435 1034 519 1080 nunc
551 1017 641 1098 (otim
664 1015 772 1081 hiatus
793 1015 925 1096 aderat)
953 1017 1078 1111 Paneg.
1101 1020 1168 1104 49,

81 1114 148 1183 49.
169 1111 310 1183 λείποντ
335 1112 443 1201 Evag.
470 1111 563 1194 189,
592 1117 623 1182 1.
652 1111 790 1198 λέγονθ
822 1115 1082 1210 Pamin-236,
1106 1120 1168 1191 19.

81 1211 387 1300 ἀντιοτρατηγοῦντ’
413 1215 456 1282 de
478 1215 551 1300 Big.
573 1213 676 1305 359,
687 1213 755 1280 36.
777 1213 964 1300 παραδόνθ’
988 1217 1096 1306 Epist.
1108 1221 1169 1306 lv,

80 1315 161 1383 415
171 1365 182 1399 ,
210 1314 272 1382 19.
321 1313 414 1397 Quod
442 1323 552 1405 autern
580 1314 676 1399 388,
705 1313 766 1382 91.
795 1334 881 1382 nunc
909 1322 1058 1406 εἰρημένα
1083 1326 1171 1390 ἐστὶν
1278 1388 1282 1401 ,

82 1418 240 1503 scriptum
261 1423 400 1496 cst‚,ne
420 1419 540 1504 proba,
569 1417 678 1509 aptius
699 1415 830 1483 videtur
851 1417 936 1503 qnod
958 1422 1057 1505 vulgo
1079 1426 1170 1492 etin

81 1518 240 1584 Marciam.
266 1518 403 1603 legitunt
445 1516 488 1582 τίν
507 1519 565 1600 μὲν
585 1519 695 1582 τοίνυν
714 1521 863 1605 εἰρημένα
883 1517 977 1583 ταῦτ’
1002 1525 1103 1606 ἐστὶν,
1133 1531 1171 1593 ut
1211 1554 1216 1559 ·

83 1619 251 1685 sententia
271 1620 334 1684 sit:
363 1637 446 1705 quae
467 1620 565 1704 igitur
586 1618 673 1699 dicta
695 1624 789 1701 sunt,
818 1618 900 1685 haec
921 1628 1013 1705 sunt,
1040 1623 1074 1691 in
1096 1625 1170 1713 qni-

82 1721 145 1793 bns
163 1719 340 1806 perieulum
361 1719 489 1806 quidem
511 1718 594 1785 subii
616 1725 678 1797 etc.
701 1717 804 1784 Panlo
824 1719 991 1801 ¹diiticiiius
1014 1720 1170 1807 judiciuin

82 1828 136 1887 est
159 1817 257 1901 399,
280 1817 344 1884 31.
368 1821 410 1886 de
431 1820 572 1887 verbis:'
587 1821 782 1886 διαλιποῦσα
803 1808 926 1900 ἦλθεν,
957 1843 1020 1910 qua
1042 1826 1171 1911 quidem

83 1921 118 1987 in
140 1921 242 1987 torma
264 1941 338 1986 nnn
360 1943 383 1984 α
398 1919 546 2000 elidatur,
568 1918 706 1986 dubitari
717 1922 836 2007 possit,
858 1923 933 2009 quia
946 1918 1041 2006 nijus
1056 1927 1171 2008 elisio-

82 2023 137 2088 nis
154 2041 222 2088 non
249 2021 336 2103 aliud
364 2021 398 2086 in
427 2021 574 2088 Isocrate
601 2021 720 2106 legitur
748 2024 931 2110 exemptum
959 2043 998 2091 ac
1026 2022 1167 2107 πιέζονσ’
1255 2006 1258 2029 ⁵

82 2119 433 2208 cia‚q110dindntid.
456 2119 487 2207 ξ.
512 2118 598 2187 164.
626 2123 659 2187 in
687 2141 750 2187 uno
773 2124 880 2189 Vatic.
909 2124 1021 2192 codice
1042 2128 1171 2214 reperi-

81 2230 146 2290 tur.
189 2224 228 2288 ln
250 2221 516 2288 Demosthenicis
546 2226 654 2289 tamen
682 2241 752 2287 curn
781 2223 937 2305 ejusmodi
966 2228 1172 2311 reperiantur

81 2323 250 2399 elisiones,
272 2321 323 2385 hic
346 2339 472 2406 quoque
494 2339 565 2385 eam
587 2320 801 2388 adhibendam
823 2343 901 2390 esse
923 2324 1014 2392 duco.
1047 2324 1118 2393 Sed
1140 2326 1171 2394 si

81 2421 175 2502 384,
200 2419 233 2487 6.
253 2426 375 2505 μητέρα
396 2427 438 2486 ἐν.
461 2419 495 2485 7.
517 2423 659 2507 πατρίδα
679 2419 846 2487 ἐπόθεοεν.
869 2421 960 2504 386,
980 2422 1039 2490 19.
1055 2429 1170 2494 ἐλπίδα

80 2523 160 2603 εἶχε.
184 2519 275 2600 388,
291 2519 353 2585 99.
381 2521 542 2608 Τροιζῆνα
563 2518 724 2598 ἐλθόντες.
747 2519 838 2608 389,
860 2519 923 2586 99.
941 2529 1065 2609 μητέρα
1086 2525 1170 2592 οὐδὲ.

81 2622 185 2711 399,
205 2621 269 2687 49.
290 2623 462 2708 θυγατέρα
482 2618 767 2705 αποστερουμένιγν.
789 2569 886 2700 393,
906 2618 969 2687 46.
997 2623 1171 2713 θυγατέρα

80 2722 232 2805 ἐξέδωκεν
253 2728 306 2785 est
324 2722 495 2804 scriptum,
525 2746 549 2786 α
571 2722 675 2787 elidas
698 2731 732 2784 et
752 2721 903 2787 conferas
923 2714 1024 2800 387,
1049 2723 1109 2789 17.
1137 2732 1172 2792 et

82 2820 185 2899 394,
214 2819 277 2905 47.
305 2819 360 2886 ubi
391 2820 466 2886 clim
492 2825 656 2911 μητέρα
640 2817 763 2898 αὐτῶν,
795 2840 878 2885 πονο
910 2812 1022 2909 μητέρ
1050 2804 1171 2911 αὐτῶν,
1206 2864 1208 2869 .

82 2922 203 2991 deinde
227 2900 328 3008 384,
352 2916 387 2985 6.
410 2921 464 2985 ubi
484 2920 581 3003 vulgo
603 2916 762 3009 παιδάρια
780 2916 962 3004 απέδειξαν,
993 2922 1078 2990 nnnc
1099 2946 1171 2991 παι-

81 3021 171 3112 δοὶρί
197 3042 251 3087 απ.
282 3027 336 3117 est
358 3021 489 3088 editum.
536 3018 670 3104 Corrige
700 3021 799 3086 etiam
822 3017 921 3110 384,
943 3018 1027 3088 6.ι
1006 3043 1036 3088 α
1051 3030 1172 3110 ἐμεῖνος

82 3135 117 3193 et
139 3122 248 3190 scribe
270 3119 432 3202 ὁὶπεῑνος,
456 3123 518 3188 hac
540 3122 623 3187 enim
648 3121 750 3188 forma
768 3122 950 3189 Isocratem
969 3129 1046 3210 post
1068 3145 1171 3192 vnce-

80 3227 146 3292 lem
168 3223 217 3287 nti
237 3240 336 3305 snpra
357 3221 463 3288 dccni.
514 3219 568 3288 Τόι
587 3219 673 3287 αὐτὰ
693 3230 800 3289 autem
824 3220 921 3305 393,
937 3221 1006 3288 43.
1029 3231 1116 3290 muta
1137 3226 1171 3291 in

80 3321 188 3394 ταύτὰ
210 3329 244 3388 et
265 3323 307 3388 ci.
333 3318 431 3411 394,
454 3323 516 3388 51.
538 3323 667 3389 Lochit.
690 3320 786 3408 396,
808 3321 845 3389 4.
880 3324 933 3388 nbi
954 3316 1051 3410 vuig'o
1074 3326 1172 3392 etiam

80 3425 126 3495 τὰ
145 3421 232 3493 αὐτὰ
249 3422 436 3508 legebatur,
466 3419 589 3490 Gallim.
612 3420 708 3510 389,
735 3422 801 3488 46.
845 3423 884 3491 Si
911 3422 1052 3512 deniqne
1080 3423 1172 3512 385,

82 3528 148 3595 19.
178 3543 264 3592 nunc
284 3521 369 3605 ἡμᾶς
395 3521 513 3617 αὐτοὺς
531 3520 709 3606 ἡγούμεθα
728 3522 748 3603 ἢ
776 3522 834 3611 pre
856 3525 944 3611 vulg.
972 3523 1175 3609 ἐποιούμεθα

78 3626 165 3713 ἡμᾶς
183 3621 301 3711 μὺτοὺς
321 3622 345 3703 ἢ
360 3631 415 3689 est
438 3624 575 3711 editum,
607 3625 734 3690 scribas
760 3621 925 3708 ἡγούμεθ’
957 3633 993 3693 et
1023 3626 1171 3695 conferas

80 3728 208 3799 Gallim.
231 3723 326 3803 377,
350 3722 413 3789 30.
442 3724 517 3790 add.
539 3725 661 3810 Paneg.
692 3722 762 3812 64,
788 3723 875 3792 119.
905 3727 948 3794 de
969 3727 1058 3796 Pace
1082 3727 1171 3811 171,

79 3828 148 3898 69.
177 3825 271 3902 177,
294 3823 358 3890 93.
380 3825 465 3891 Piat.
490 3820 587 3912 997,
608 3821 645 3890 6.
1216 3825 1223 3839 “

166 3928 283 3993 Litera
307 3949 324 3988 ο
346 3923 425 3990 facit
446 3925 565 3991 hiatum
592 3924 688 4004 386,
712 3926 746 3993 8.
768 3924 909 4012 ἠγάγετο
930 3926 1088 4015 ἀνεψιὰν,
1110 3928 1172 3996 sed

77 4030 183 4117 vulgo
204 4035 241 4096 et
261 4027 296 4093 in
316 4025 385 4092 cod.
406 4025 508 4092 Marc.
525 4018 656 4095 '‘nabent
676 4024 815 4112 ἠγάγετο
834 4028 892 4109 τὴν
913 4028 1066 4114 ἀνεψιὰν,
1086 4030 1173 4114 quod
1235 4100 1241 4111 ,

930 4135 951 4193 4
1195 4153 1197 4157 ,
