2564 4508
473 175 524 210 -·
577 156 663 246 ¹⁸⁵>
706 193 749 209 .-

51 322 181 414 vando,
200 341 297 411 quam
317 320 506 392 Boeukhius
526 319 677 416 (deuon.
699 325 764 392 aiv.
787 323 815 404 1,
837 320 953 417 261.)
983 325 1152 394 exercita·

51 427 179 494 fiunem
198 443 279 493 esse
299 425 451 510 opinatus
472 429 542 504 est,
564 425 663 492 etde
686 431 840 493 annotata
861 426 1055 513 tyrannide,
1077 427 1153 513 qni·

57 528 119 594 hs
139 525 247 594 addas
267 544 316 591 or.
337 522 490 607 xxviii
511 531 546 592 et
566 524 693 591 XXIX.
722 526 776 593 De
797 528 849 593 his
870 528 1018 594 omnibus
1039 526 1088 592 nti
1109 524 1153 594 de

53 626 205 694 oratione
226 622 439 712 olympiaca,
481 625 573 708 enjus
602 626 816 711 fragmenbrm
844 629 948 695 solnm
981 627 1152 710 habemns,

53 725 140 794 eoru
159 723 238 812 qnid
257 726 405 814 proferre
426 745 490 791 non
511 726 634 805 aursim,
673 726 868 794 dubitationi
898 735 1008 795 tamen
1037 729 1153 811 justae

54 845 117 893 eus
137 825 302 893 obnoxias
321 844 399 892 esse
420 825 568 892 dixerim.
618 825 657 892 iu
679 829 828 895 oratione
849 833 949 896 sexta
970 833 1079 896 antem
1095 828 1156 911 jn-

54 925 198 993 dimnda
216 925 253 993 id
272 933 366 993 reete
387 925 472 993 vidit
490 926 715 994 Hoeiseherns
736 949 769 1015 p.
780 926 856 1007 19,
877 949 950 997 eam
971 929 1060 997 eirea
1080 927 1154 1014 hy-

56 1027 132 1095 niao
149 1033 302 1114 tempora
322 1027 478 1113 scriptam
499 1045 589 1094 esse.
632 1028 720 1094 Nam
747 1029 926 1097 serioribns
956 1028 1154 1115 temporibus

53 1127 224 1196 ormam
245 1129 352 1195 minus
371 1127 524 1194 sotebant
544 1128 686 1194 hiatibus
703 1147 786 1196 esse
807 1131 971 1198 foedatae.

141 1227 200 1295 Ex
220 1229 283 1314 iis,
317 1246 400 1315 qnae
422 1227 485 1294 hoe
506 1229 616 1314 eapite
636 1227 740 1295 aliata
768 1234 863 1316 sunt,
893 1247 993 1317 spero
1021 1227 1092 1295 tore
1119 1232 1156 1294 nt

56 1327 120 1394 tibi
140 1347 334 1412 persuasum
355 1329 416 1406 sit,
435 1328 478 1393 nb
498 1329 692 1407 oratoribus,
712 1329 768 1415 qui
791 1335 869 1395 ante
891 1327 1070 1395 lsooratem
1091 1327 1155 1393 ho-

56 1430 202 1514 rnetint,
222 1429 345 1497 hiatum
365 1448 431 1496 non
452 1428 556 1497 fuisse
577 1430 754 1520 evitatnm3
775 1435 882 1497 restat
902 1429 1000 1516 igitur
1021 1425 1113 1494 utin

445 1597 610 1701 Capite
644 1605 777 1675 sexto

59 1734 100 1789 1ο
123 1736 222 1788 hiatu
242 1737 275 1786 tn
298 1737 504 1788 oratoribus
526 1735 676 1788 isocratt
707 1741 741 1788 et
766 1733 989 1788 Demostheni
1012 1731 1072 1786 rai
1101 1743 1157 1786 aa·

316 1821 477 1885 qualibus
502 1819 558 1870 vai
582 1823 704 1871 aetate
726 1820 929 1871 mtnoribua

62 1933 295 2014 ostendamus,
330 1934 364 1999 iu
386 1934 429 1999 iis
450 1950 533 2020 quos
556 1906 650 2000 modo
671 1933 855 2018 significavi
876 1933 1060 2000 oratoribus
1080 1951 1155 2000 ser·

62 2034 257 2102 munemita
277 2051 354 2100 esse
375 2040 613 2119 comparatum,
649 2039 684 2098 nt
711 2033 820 2099 hiatus
848 2035 889 2100 ab
917 2034 961 2100 iis
988 2054 1052 2098 non
1083 2030 1158 2118 qui·

62 2133 137 2200 dem
158 2152 201 2198 eo
221 2132 329 2198 studio
349 2133 395 2198 sit
415 2136 579 2213 evitatus,
609 2153 672 2218 quo
694 2135 726 2198 id
748 2135 781 2199 iu
802 2132 951 2199 Isocrate
972 2139 1008 2198 et
1029 2131 1156 2198 Demo-

63 2235 182 2302 sthene
210 2235 328 2299 iactum
349 2251 429 2298 esse
449 2231 650 2314 viderimus,
695 2233 757 2300 sed
784 2240 894 2299 tamen
921 2232 1027 2298 minus
1054 2250 1159 2318 saepe

67 2354 165 2422 qnam
188 2335 223 2400 in
251 2333 433 2400 oratoribus
461 2334 696 2419 antiquioribus
734 2334 921 2419 plerumque
955 2333 1000 2398 sit
1031 2333 1158 2400 obvius.

64 2435 253 2503 Transitnm
272 2440 382 2501 antem
403 2432 636 2520 quodammodo
657 2431 735 2498 iacit
759 2432 922 2519 isaeus,
943 2434 1036 2515 cnjus
1053 2433 1157 2499 oratio

66 2536 108 2604 do
133 2533 304 2621 Astyphiii
334 2533 519 2600 hereditate
546 2534 670 2619 scripta
697 2539 752 2601 est
778 2531 906 2619 Olymp.
927 2531 1078 2620 xcvii,
1108 2529 1158 2622 3„

65 2655 96 2702 a.
122 2632 263 2702 Chr-n.
291 2629 407 2714 ubo„
450 2640 506 2700 ant
542 2641 634 2701 uerte
664 2653 729 2699 non
764 2633 811 2698 ita
844 2633 941 2698 mutto
975 2638 1076 2723 post,
1119 2651 1153 2697 v.

65 2734 284 2802 Sobuemann.
304 2731 436 2800 lsaenm
457 2755 487 2820 p.
511 2732 615 2822 4116,
635 2751 740 2820 eaque
761 2750 805 2798 ex
826 2732 878 2820 iis,
898 2750 1031 2818 quarum
1051 2748 1158 2797 annus

65 2833 192 2900 detiniri
218 2839 355 2921 potest,
395 2853 477 2901 sane
507 2836 611 2922 prima
647 2842 701 2902 est
730 2833 882 2900 dicenda.
919 2831 1040 2914 ,Quod
1069 2831 1157 2899 enim

67 2931 314 3002 smoemmms
333 2935 368 3000 in
388 2936 533 3002 Praetat
555 2956 588 3022 p.
601 2936 642 3001 V.
666 2933 848 3001 orationem
868 2930 910 2998 de
932 2931 1157 3016 Dioneogenis

67 3033 250 3102 hereditate
269 3037 427 3120 seriptum
448 3036 583 3123 primam
604 3036 698 3121 dixit,
719 3035 839 3121 qnippe
862 3030 915 3100 01.
930 3030 995 3115 97,
1019 3030 1069 3116 a,
1091 3033 1159 3096 oir-
1176 3062 1193 3095 ι

67 3135 147 3202 niter
173 3154 263 3202 anno
291 3132 383 3201 abo.
413 3143 470 3201 ant
499 3136 596 3222 panio
618 3141 701 3222 post.
717 3135 878 3226 habitam,
905 3135 939 3200 in
959 3151 1002 3200 eo
1022 3132 1160 3201 erravit.

68 3235 144 3301 Non
170 3236 285 3302 verius
313 3222 484 3321 Krigerns
516 3235 560 3302 ad
590 3234 731 3302 Giinton
756 3235 852 3300 Fast.
879 3233 969 3299 Heli
1004 3253 1038 3318 p.
1070 3229 1158 3297 ¹13.

70 3335 248 3401 orationem
273 3336 361 3402 hano
389 3336 600 3422 nonagesima
627 3353 714 3402 nona
736 3331 930 3420 Olympiade
958 3351 1036 3400 esse
1062 3331 1161 3397 habi·

70 3440 135 3501 tam
157 3437 433 3524 statnigerrnns,
458 3437 544 3524 qood
565 3437 706 3515 censuit,
727 3452 747 3500 a
768 3453 877 3520 pugna
898 3432 1017 3500 Cnidia
1036 3427 1158 3520 (gesta

70 3531 122 3601 01.
135 3529 203 3622 96,
224 3533 262 3601 3.
283 3555 315 3602 a.
338 3534 417 3605 Chr.
438 3557 471 3604 n.
494 3531 622 3627 aba),
642 3537 677 3613 in
698 3553 762 3621 qua
783 3533 1016 3619 Dioaeogenes
1029 3530 1075 3597 11.
1098 3532 1159 3598 ob-

70 3634 149 3703 iisse
169 3632 206 3724 s.
228 3632 265 3701 6.
288 3635 431 3725 dicatur,
458 3637 596 3723 amptius
617 3635 786 3703 duodecim
807 3653 912 3700 annos
933 3632 1159 3720 praeteriisse,

71 3755 162 3820 quum
198 3736 283 3802 haee
314 3737 479 3804 adversus
505 3737 749 3822 Dicaeogenem
776 3733 839 3799 111.
870 3753 972 3801 eausa
1006 3737 1160 3816 ageretur

73 3831 127 3924 [S.
144 3830 218 3924 7.),
240 3836 376 3904 neudum
396 3836 520 3904 finitum
541 3837 638 3903 tuerit
659 3836 777 3903 betium
791 3832 980 3920 Olynthium
995 3829 1053 3922 (s.
1070 3826 1159 3917 46.)

75 3931 319 4004 uasa-379.
341 3943 482 4024 gestum.
527 3935 650 4019 bubos
672 3933 920 4006 Sebuemannus
941 3938 1034 4002 reete
1054 3949 1160 4017 oppo-
