<?xml version="1.0" encoding="UTF-8"?>
<!DOCTYPE html PUBLIC "-//W3C//DTD XHTML 1.0 Transitional//EN"
    "http://www.w3.org/TR/xhtml1/DTD/xhtml1-transitional.dtd">
<html xmlns="http://www.w3.org/1999/xhtml" xml:lang="en" lang="en">
 <head>
  <title>
</title>
<meta http-equiv="Content-Type" content="text/html;charset=utf-8" />
  <meta name='ocr-system' content='tesseract 3.04.00' />
  <meta name='ocr-capabilities' content='ocr_page ocr_carea ocr_par ocr_line ocrx_word'/>
</head>
<body>
  <div class='ocr_page' id='page_1' title='image "./dehiatuinorator01bensgoog_0264.png"; bbox 0 0 2564 4508; ppageno 0'>
   <div class='ocr_carea' id='block_1_1' title="bbox 554 118 827 183">
    <p class='ocr_par' dir='ltr' id='par_1_1' title="bbox 554 118 827 183">
     <span class='ocr_line' id='line_1_1' title="bbox 554 118 827 183; baseline 0 -19"><span class='ocrx_word' id='word_1_1' title='bbox 554 118 827 183; x_wconf 68' lang='lat'><strong>-234..</strong></span> 
     </span>
    </p>
   </div>
   <div class='ocr_carea' id='block_1_2' title="bbox 95 281 1240 3903">
    <p class='ocr_par' dir='ltr' id='par_1_2' title="bbox 145 281 1239 1375">
     <span class='ocr_line' id='line_1_2' title="bbox 147 281 1236 375; baseline -0.002 -19"><span class='ocrx_word' id='word_1_2' title='bbox 147 290 254 357; x_wconf 81' lang='lat' dir='ltr'><strong>otioso</strong></span> <span class='ocrx_word' id='word_1_3' title='bbox 275 290 311 352; x_wconf 89' lang='lat' dir='ltr'><strong>ct</strong></span> <span class='ocrx_word' id='word_1_4' title='bbox 331 281 480 349; x_wconf 83' lang='lat' dir='ltr'><strong>delendo.</strong></span> <span class='ocrx_word' id='word_1_5' title='bbox 505 281 618 370; x_wconf 91' lang='lat' dir='ltr'>XXII,</span> <span class='ocrx_word' id='word_1_6' title='bbox 643 282 705 351; x_wconf 88' lang='grc'><strong>11).</strong></span> <span class='ocrx_word' id='word_1_7' title='bbox 728 284 857 369; x_wconf 84' lang='lat' dir='ltr'><strong>corrigo</strong></span> <span class='ocrx_word' id='word_1_8' title='bbox 878 285 913 351; x_wconf 75' lang='lat' dir='ltr'><strong>&lt;ii</strong></span> <span class='ocrx_word' id='word_1_9' title='bbox 932 290 968 351; x_wconf 72' lang='grc' dir='ltr'><strong>ἐν</strong></span> <span class='ocrx_word' id='word_1_10' title='bbox 988 290 1024 352; x_wconf 87' lang='lat' dir='ltr'><strong>et</strong></span> <span class='ocrx_word' id='word_1_11' title='bbox 1042 283 1178 375; x_wconf 83' lang='lat' dir='ltr'>XXIV,</span> <span class='ocrx_word' id='word_1_12' title='bbox 1199 287 1236 355; x_wconf 78' lang='lat' dir='ltr'><strong>o.</strong></span> 
     </span>
     <span class='ocr_line' id='line_1_3' title="bbox 148 381 1237 479; baseline 0.001 -25"><span class='ocrx_word' id='word_1_13' title='bbox 148 381 468 479; x_wconf 79' lang='grc' dir='ltr'><em>στρατοπεδεύσαντα</em></span> <span class='ocrx_word' id='word_1_14' title='bbox 489 390 522 449; x_wconf 76' lang='grc' dir='ltr'><strong>εν</strong></span> <span class='ocrx_word' id='word_1_15' title='bbox 544 381 651 468; x_wconf 77' lang='grc' dir='ltr'><em>αὐτῷ,</em></span> <span class='ocrx_word' id='word_1_16' title='bbox 695 385 748 462; x_wconf 89' lang='lat' dir='ltr'><strong>ubi</strong></span> <span class='ocrx_word' id='word_1_17' title='bbox 774 386 1005 472; x_wconf 78' lang='lat' dir='ltr'><strong>apostrophum</strong></span> <span class='ocrx_word' id='word_1_18' title='bbox 1035 408 1100 455; x_wconf 88' lang='lat' dir='ltr'><strong>uon</strong></span> <span class='ocrx_word' id='word_1_19' title='bbox 1130 391 1237 455; x_wconf 80' lang='lat' dir='ltr'><strong>miuus</strong></span> 
     </span>
     <span class='ocr_line' id='line_1_4' title="bbox 150 485 1239 583; baseline 0 -26"><span class='ocrx_word' id='word_1_20' title='bbox 150 490 275 583; x_wconf 83' lang='lat' dir='ltr'><strong>poterIs</strong></span> <span class='ocrx_word' id='word_1_21' title='bbox 296 503 436 572; x_wconf 84' lang='lat' dir='ltr'><strong>ponere,</strong></span> <span class='ocrx_word' id='word_1_22' title='bbox 479 485 527 550; x_wconf 91' lang='lat' dir='ltr'><strong>uti</strong></span> <span class='ocrx_word' id='word_1_23' title='bbox 548 486 642 570; x_wconf 84' lang='lat' dir='ltr'><strong>pquo</strong></span> <span class='ocrx_word' id='word_1_24' title='bbox 664 492 740 571; x_wconf 85' lang='lat' dir='ltr'><strong>post</strong></span> <span class='ocrx_word' id='word_1_25' title='bbox 761 486 795 551; x_wconf 91' lang='lat' dir='ltr'><strong>iu</strong></span> <span class='ocrx_word' id='word_1_26' title='bbox 815 487 850 553; x_wconf 77' lang='grc' dir='ltr'><strong>δὲ</strong></span> <span class='ocrx_word' id='word_1_27' title='bbox 870 493 922 571; x_wconf 77' lang='grc' dir='ltr'><strong>ἐν,</strong></span> <span class='ocrx_word' id='word_1_28' title='bbox 965 489 1117 575; x_wconf 79' lang='lat' dir='ltr'><strong>quumvis</strong></span> <span class='ocrx_word' id='word_1_29' title='bbox 1138 490 1182 553; x_wconf 94' lang='lat' dir='ltr'><strong>ibi</strong></span> <span class='ocrx_word' id='word_1_30' title='bbox 1204 490 1239 557; x_wconf 76' lang='lat' dir='ltr'><strong>ou</strong></span> 
     </span>
     <span class='ocr_line' id='line_1_5' title="bbox 148 585 1236 677; baseline -0.001 -19"><span class='ocrx_word' id='word_1_31' title='bbox 148 595 205 658; x_wconf 83' lang='grc' dir='ltr'><strong>καὶ</strong></span> <span class='ocrx_word' id='word_1_32' title='bbox 231 596 265 655; x_wconf 76' lang='grc' dir='ltr'><strong>ἐν</strong></span> <span class='ocrx_word' id='word_1_33' title='bbox 290 586 463 652; x_wconf 80' lang='lat' dir='ltr'><strong>maluerim.</strong></span> <span class='ocrx_word' id='word_1_34' title='bbox 490 585 618 665; x_wconf 93' lang='lat' dir='ltr'>XXVI,</span> <span class='ocrx_word' id='word_1_35' title='bbox 646 586 681 651; x_wconf 79' lang='lat'><strong>5.</strong></span> <span class='ocrx_word' id='word_1_36' title='bbox 718 591 845 674; x_wconf 81' lang='lat' dir='ltr'><strong>corrige</strong></span> <span class='ocrx_word' id='word_1_37' title='bbox 877 612 912 653; x_wconf 85' lang='grc' dir='ltr'><strong>τε</strong></span> <span class='ocrx_word' id='word_1_38' title='bbox 939 586 1015 655; x_wconf 74' lang='grc' dir='ltr'><strong>ἀπὸ.</strong></span> <span class='ocrx_word' id='word_1_39' title='bbox 1053 587 1090 657; x_wconf 89' lang='grc'><strong>6.</strong></span> <span class='ocrx_word' id='word_1_40' title='bbox 1123 597 1236 677; x_wconf 79' lang='lat' dir='ltr'><strong>potest</strong></span> 
     </span>
     <span class='ocr_line' id='line_1_6' title="bbox 148 683 1234 774; baseline -0.001 -14"><span class='ocrx_word' id='word_1_41' title='bbox 148 691 303 760; x_wconf 78' lang='grc' dir='ltr'><strong>1οεείναὶ</strong></span> <span class='ocrx_word' id='word_1_42' title='bbox 324 690 394 774; x_wconf 78' lang='grc' dir='ltr'><strong>ἐπὶ,</strong></span> <span class='ocrx_word' id='word_1_43' title='bbox 417 687 477 752; x_wconf 87' lang='lat' dir='ltr'><strong>sed</strong></span> <span class='ocrx_word' id='word_1_44' title='bbox 500 685 534 751; x_wconf 80' lang='lat'><strong>7.</strong></span> <span class='ocrx_word' id='word_1_45' title='bbox 557 683 588 750; x_wconf 78' lang='grc' dir='ltr'><strong>δ’</strong></span> <span class='ocrx_word' id='word_1_46' title='bbox 614 689 725 773; x_wconf 73' lang='lat' dir='ltr'><strong>ororii</strong></span> <span class='ocrx_word' id='word_1_47' title='bbox 747 690 854 756; x_wconf 80' lang='lat' dir='ltr'><strong>scribe</strong></span> <span class='ocrx_word' id='word_1_48' title='bbox 875 696 952 756; x_wconf 83' lang='lat' dir='ltr'><strong>ante</strong></span> <span class='ocrx_word' id='word_1_49' title='bbox 974 689 1017 756; x_wconf 78' lang='grc' dir='ltr'><strong>ὄιν</strong></span> <span class='ocrx_word' id='word_1_50' title='bbox 1038 699 1074 757; x_wconf 88' lang='lat' dir='ltr'><strong>et</strong></span> <span class='ocrx_word' id='word_1_51' title='bbox 1094 691 1134 759; x_wconf 79' lang='lat'><strong>8.</strong></span> <span class='ocrx_word' id='word_1_52' title='bbox 1156 700 1234 761; x_wconf 86' lang='lat' dir='ltr'><strong>unte</strong></span> 
     </span>
     <span class='ocr_line' id='line_1_7' title="bbox 145 785 1235 881; baseline 0.001 -21"><span class='ocrx_word' id='word_1_53' title='bbox 145 800 202 868; x_wconf 76' lang='grc' dir='ltr'><strong>εἰς.</strong></span> <span class='ocrx_word' id='word_1_54' title='bbox 245 789 358 856; x_wconf 76' lang='lat' dir='ltr'><strong>Facite</strong></span> <span class='ocrx_word' id='word_1_55' title='bbox 381 789 470 854; x_wconf 83' lang='lat' dir='ltr'><strong>seres</strong></span> <span class='ocrx_word' id='word_1_56' title='bbox 496 785 556 850; x_wconf 83' lang='lat'><strong>13.</strong></span> <span class='ocrx_word' id='word_1_57' title='bbox 576 792 730 870; x_wconf 84' lang='grc' dir='ltr'><em>γίγνεται.</em></span> <span class='ocrx_word' id='word_1_58' title='bbox 750 789 783 854; x_wconf 92' lang='grc' dir='ltr'><em>Ὁ</em></span> <span class='ocrx_word' id='word_1_59' title='bbox 805 797 840 855; x_wconf 85' lang='lat' dir='ltr'><strong>et</strong></span> <span class='ocrx_word' id='word_1_60' title='bbox 865 791 927 857; x_wconf 85' lang='grc'><strong>14.</strong></span> <span class='ocrx_word' id='word_1_61' title='bbox 949 799 1081 875; x_wconf 75' lang='grc' dir='ltr'><strong>ἐγένετο.</strong></span> <span class='ocrx_word' id='word_1_62' title='bbox 1104 791 1143 881; x_wconf 81' lang='grc' dir='ltr'><strong>ὁ,</strong></span> <span class='ocrx_word' id='word_1_63' title='bbox 1170 814 1235 861; x_wconf 82' lang='lat' dir='ltr'><strong>non</strong></span> 
     </span>
     <span class='ocr_line' id='line_1_8' title="bbox 145 884 1234 976; baseline -0.001 -16"><span class='ocrx_word' id='word_1_64' title='bbox 145 897 195 960; x_wconf 79' lang='grc' dir='ltr'><strong>11ο</strong></span> <span class='ocrx_word' id='word_1_65' title='bbox 222 890 372 973; x_wconf 86' lang='lat' dir='ltr'>XXVII,</span> <span class='ocrx_word' id='word_1_66' title='bbox 390 884 428 951; x_wconf 79' lang='lat'><strong>4.</strong></span> <span class='ocrx_word' id='word_1_67' title='bbox 455 888 488 952; x_wconf 74' lang='grc' dir='ltr'><strong>δὲ</strong></span> <span class='ocrx_word' id='word_1_68' title='bbox 515 894 592 953; x_wconf 79' lang='lat' dir='ltr'><strong>unte</strong></span> <span class='ocrx_word' id='word_1_69' title='bbox 619 885 889 976; x_wconf 68' lang='grc' dir='ltr'><em>ἀφορμησοὶντων.</em></span> <span class='ocrx_word' id='word_1_70' title='bbox 930 892 1001 959; x_wconf 83' lang='lat' dir='ltr'><strong>Sed</strong></span> <span class='ocrx_word' id='word_1_71' title='bbox 1024 889 1061 957; x_wconf 85' lang='grc'><strong>6.</strong></span> <span class='ocrx_word' id='word_1_72' title='bbox 1082 912 1150 959; x_wconf 85' lang='lat' dir='ltr'><strong>non</strong></span> <span class='ocrx_word' id='word_1_73' title='bbox 1171 895 1234 959; x_wconf 86' lang='lat' dir='ltr'><strong>Im·</strong></span> 
     </span>
     <span class='ocr_line' id='line_1_9' title="bbox 147 985 1235 1082; baseline 0 -21"><span class='ocrx_word' id='word_1_74' title='bbox 147 993 300 1082; x_wconf 80' lang='lat' dir='ltr'><strong>probabis</strong></span> <span class='ocrx_word' id='word_1_75' title='bbox 320 987 365 1072; x_wconf 82' lang='grc' dir='ltr'><strong>μὴ</strong></span> <span class='ocrx_word' id='word_1_76' title='bbox 385 996 462 1055; x_wconf 84' lang='lat' dir='ltr'><strong>unte</strong></span> <span class='ocrx_word' id='word_1_77' title='bbox 485 985 544 1069; x_wconf 84' lang='grc' dir='ltr'><em>ὅτι,</em></span> <span class='ocrx_word' id='word_1_78' title='bbox 567 989 619 1054; x_wconf 92' lang='lat' dir='ltr'><strong>ubi</strong></span> <span class='ocrx_word' id='word_1_79' title='bbox 642 996 749 1056; x_wconf 86' lang='lat' dir='ltr'><strong>tumen</strong></span> <span class='ocrx_word' id='word_1_80' title='bbox 771 991 848 1058; x_wconf 85' lang='lat' dir='ltr'><strong>Vut.</strong></span> <span class='ocrx_word' id='word_1_81' title='bbox 868 1000 905 1058; x_wconf 90' lang='lat' dir='ltr'><strong>et</strong></span> <span class='ocrx_word' id='word_1_82' title='bbox 926 994 1014 1059; x_wconf 77' lang='lat' dir='ltr'><strong>I&#39;ior.</strong></span> <span class='ocrx_word' id='word_1_83' title='bbox 1035 990 1090 1059; x_wconf 86' lang='grc' dir='ltr'><strong>ὅτε</strong></span> <span class='ocrx_word' id='word_1_84' title='bbox 1102 994 1235 1072; x_wconf 83' lang='lat' dir='ltr'><strong>bobcut,</strong></span> 
     </span>
     <span class='ocr_line' id='line_1_10' title="bbox 148 1088 1232 1180; baseline 0.002 -21"><span class='ocrx_word' id='word_1_85' title='bbox 148 1112 255 1180; x_wconf 84' lang='lat' dir='ltr'><strong>neque</strong></span> <span class='ocrx_word' id='word_1_86' title='bbox 275 1090 311 1158; x_wconf 82' lang='lat'><strong>8.</strong></span> <span class='ocrx_word' id='word_1_87' title='bbox 333 1091 524 1156; x_wconf 74' lang='grc' dir='ltr'><em>ἐπανείλετο.</em></span> <span class='ocrx_word' id='word_1_88' title='bbox 551 1089 600 1155; x_wconf 84' lang='grc'><strong>01.</strong></span> <span class='ocrx_word' id='word_1_89' title='bbox 619 1090 749 1165; x_wconf 86' lang='grc' dir='ltr'><strong>ΧΧΙΧ,</strong></span> <span class='ocrx_word' id='word_1_90' title='bbox 769 1088 803 1155; x_wconf 94' lang='grc'><strong>2.</strong></span> <span class='ocrx_word' id='word_1_91' title='bbox 825 1094 934 1161; x_wconf 82' lang='lat' dir='ltr'><strong>scribe</strong></span> <span class='ocrx_word' id='word_1_92' title='bbox 954 1093 987 1159; x_wconf 75' lang='grc' dir='ltr'><em>ὃῖ</em></span> <span class='ocrx_word' id='word_1_93' title='bbox 1015 1114 1073 1179; x_wconf 82' lang='lat' dir='ltr'><strong>pro</strong></span> <span class='ocrx_word' id='word_1_94' title='bbox 1097 1097 1134 1159; x_wconf 74' lang='grc' dir='ltr'><strong>δὲ</strong></span> <span class='ocrx_word' id='word_1_95' title='bbox 1154 1102 1232 1163; x_wconf 79' lang='lat' dir='ltr'><strong>unte</strong></span> 
     </span>
     <span class='ocr_line' id='line_1_11' title="bbox 145 1187 1235 1283; baseline -0.003 -21"><span class='ocrx_word' id='word_1_96' title='bbox 145 1190 316 1283; x_wconf 71' lang='grc' dir='ltr'><em>ἐφάνησαν</em></span> <span class='ocrx_word' id='word_1_97' title='bbox 335 1191 483 1276; x_wconf 85' lang='lat' dir='ltr'><strong>idemque</strong></span> <span class='ocrx_word' id='word_1_98' title='bbox 505 1187 540 1255; x_wconf 80' lang='lat'><strong>8.</strong></span> <span class='ocrx_word' id='word_1_99' title='bbox 556 1196 632 1256; x_wconf 85' lang='lat' dir='ltr'><strong>cute</strong></span> <span class='ocrx_word' id='word_1_100' title='bbox 653 1189 682 1257; x_wconf 89' lang='grc' dir='ltr'><strong>ὁ.</strong></span> <span class='ocrx_word' id='word_1_101' title='bbox 705 1191 819 1277; x_wconf 87' lang='grc' dir='ltr'><strong>ΧΧΧ,</strong></span> <span class='ocrx_word' id='word_1_102' title='bbox 837 1191 875 1261; x_wconf 89' lang='grc'><strong>4.</strong></span> <span class='ocrx_word' id='word_1_103' title='bbox 894 1195 1021 1280; x_wconf 80' lang='lat' dir='ltr'><strong>corrige</strong></span> <span class='ocrx_word' id='word_1_104' title='bbox 1039 1196 1089 1259; x_wconf 80' lang='lat' dir='ltr'><strong>ici</strong></span> <span class='ocrx_word' id='word_1_105' title='bbox 1103 1194 1235 1276; x_wconf 75' lang='grc' dir='ltr'><strong>Αἴγιον.</strong></span> 
     </span>
     <span class='ocr_line' id='line_1_12' title="bbox 148 1288 1080 1375; baseline 0.001 -13"><span class='ocrx_word' id='word_1_106' title='bbox 148 1294 183 1362; x_wconf 79' lang='lat' dir='ltr'><strong>S.</strong></span> <span class='ocrx_word' id='word_1_107' title='bbox 205 1296 240 1360; x_wconf 77' lang='grc' dir='ltr'><strong>δὲ</strong></span> <span class='ocrx_word' id='word_1_108' title='bbox 258 1290 374 1369; x_wconf 74' lang='grc' dir='ltr'><strong>ἐπειδὴ.</strong></span> <span class='ocrx_word' id='word_1_109' title='bbox 391 1291 522 1371; x_wconf 89' lang='lat' dir='ltr'>XXXI,</span> <span class='ocrx_word' id='word_1_110' title='bbox 543 1288 579 1357; x_wconf 87' lang='grc'><strong>4.</strong></span> <span class='ocrx_word' id='word_1_111' title='bbox 593 1290 766 1375; x_wconf 73' lang='grc' dir='ltr'><strong>ἡγούμεθα</strong></span> <span class='ocrx_word' id='word_1_112' title='bbox 780 1293 874 1361; x_wconf 83' lang='grc' dir='ltr'><em>εἶναι.</em></span> <span class='ocrx_word' id='word_1_113' title='bbox 1078 1358 1080 1363; x_wconf 93' lang='grc'><strong>.</strong></span> 
     </span>
    </p>

    <p class='ocr_par' dir='ltr' id='par_1_3' title="bbox 95 1391 1240 3903">
     <span class='ocr_line' id='line_1_13' title="bbox 233 1391 1236 1480; baseline 0.002 -19"><span class='ocrx_word' id='word_1_114' title='bbox 233 1392 312 1480; x_wconf 75' lang='lat' dir='ltr'><strong>Cap.</strong></span> <span class='ocrx_word' id='word_1_115' title='bbox 327 1392 469 1478; x_wconf 88' lang='lat' dir='ltr'>XXXII,</span> <span class='ocrx_word' id='word_1_116' title='bbox 491 1391 527 1457; x_wconf 93' lang='grc'><strong>2.</strong></span> <span class='ocrx_word' id='word_1_117' title='bbox 547 1411 590 1458; x_wconf 89' lang='lat' dir='ltr'><strong>ne</strong></span> <span class='ocrx_word' id='word_1_118' title='bbox 611 1393 738 1461; x_wconf 74' lang='lat' dir='ltr'><strong>offendo</strong></span> <span class='ocrx_word' id='word_1_119' title='bbox 759 1399 792 1459; x_wconf 90' lang='lat' dir='ltr'><strong>in</strong></span> <span class='ocrx_word' id='word_1_120' title='bbox 812 1402 905 1475; x_wconf 77' lang='grc' dir='ltr'><em>εἴποι,</em></span> <span class='ocrx_word' id='word_1_121' title='bbox 921 1394 982 1475; x_wconf 76' lang='grc' dir='ltr'><strong>οὐχ</strong></span> <span class='ocrx_word' id='word_1_122' title='bbox 1001 1393 1102 1479; x_wconf 75' lang='grc' dir='ltr'><em>ἥμισυ</em></span> <span class='ocrx_word' id='word_1_123' title='bbox 1116 1422 1148 1463; x_wconf 82' lang='grc' dir='ltr'><strong>κ.</strong></span> <span class='ocrx_word' id='word_1_124' title='bbox 1161 1400 1236 1473; x_wconf 63' lang='lat' dir='ltr'><strong>nl..</strong></span> 
     </span>
     <span class='ocr_line' id='line_1_14' title="bbox 145 1495 1235 1585; baseline -0.002 -18"><span class='ocrx_word' id='word_1_125' title='bbox 145 1499 301 1585; x_wconf 82' lang='lat' dir='ltr'><strong>Sequitur</strong></span> <span class='ocrx_word' id='word_1_126' title='bbox 329 1495 414 1561; x_wconf 91' lang='lat' dir='ltr'><strong>enim</strong></span> <span class='ocrx_word' id='word_1_127' title='bbox 441 1496 607 1560; x_wconf 82' lang='lat' dir='ltr'><strong>sententia</strong></span> <span class='ocrx_word' id='word_1_128' title='bbox 637 1514 680 1560; x_wconf 87' lang='lat' dir='ltr'><strong>ex</strong></span> <span class='ocrx_word' id='word_1_129' title='bbox 707 1496 855 1563; x_wconf 81' lang='lat' dir='ltr'><strong>Hesiodo</strong></span> <span class='ocrx_word' id='word_1_130' title='bbox 884 1497 982 1565; x_wconf 84' lang='lat' dir='ltr'><strong>otium</strong></span> <span class='ocrx_word' id='word_1_131' title='bbox 1002 1499 1044 1563; x_wconf 86' lang='lat' dir='ltr'><strong>ob</strong></span> <span class='ocrx_word' id='word_1_132' title='bbox 1071 1500 1148 1565; x_wconf 75' lang='lat' dir='ltr'><strong>otiis</strong></span> <span class='ocrx_word' id='word_1_133' title='bbox 1164 1501 1235 1583; x_wconf 81' lang='lat' dir='ltr'><strong>jam</strong></span> 
     </span>
     <span class='ocr_line' id='line_1_15' title="bbox 146 1595 1238 1686; baseline -0.002 -19"><span class='ocrx_word' id='word_1_134' title='bbox 146 1605 254 1667; x_wconf 86' lang='lat' dir='ltr'><strong>sumtu</strong></span> <span class='ocrx_word' id='word_1_135' title='bbox 276 1603 310 1662; x_wconf 88' lang='lat' dir='ltr'><strong>ct</strong></span> <span class='ocrx_word' id='word_1_136' title='bbox 335 1597 384 1661; x_wconf 86' lang='lat' dir='ltr'><strong>sic</strong></span> <span class='ocrx_word' id='word_1_137' title='bbox 406 1595 619 1679; x_wconf 78' lang='lat' dir='ltr'><strong>proverbialis</strong></span> <span class='ocrx_word' id='word_1_138' title='bbox 641 1596 709 1663; x_wconf 85' lang='lat' dir='ltr'><strong>fere</strong></span> <span class='ocrx_word' id='word_1_139' title='bbox 731 1597 829 1683; x_wconf 77' lang='lat' dir='ltr'><strong>facto,</strong></span> <span class='ocrx_word' id='word_1_140' title='bbox 849 1616 936 1665; x_wconf 86' lang='lat' dir='ltr'><strong>neve</strong></span> <span class='ocrx_word' id='word_1_141' title='bbox 957 1597 1119 1686; x_wconf 89' lang='lat' dir='ltr'>XXXIII,</span> <span class='ocrx_word' id='word_1_142' title='bbox 1138 1597 1178 1663; x_wconf 88' lang='lat'><strong>4.</strong></span> <span class='ocrx_word' id='word_1_143' title='bbox 1203 1600 1238 1665; x_wconf 84' lang='lat' dir='ltr'><strong>iu</strong></span> 
     </span>
     <span class='ocr_line' id='line_1_16' title="bbox 145 1693 1236 1784; baseline 0.004 -20"><span class='ocrx_word' id='word_1_144' title='bbox 145 1702 204 1764; x_wconf 81' lang='grc' dir='ltr'><strong>καὶ</strong></span> <span class='ocrx_word' id='word_1_145' title='bbox 222 1697 373 1763; x_wconf 84' lang='grc' dir='ltr'><em>Ἰταλίαν.</em></span> <span class='ocrx_word' id='word_1_146' title='bbox 415 1693 486 1761; x_wconf 82' lang='lat' dir='ltr'><strong>sed</strong></span> <span class='ocrx_word' id='word_1_147' title='bbox 508 1697 549 1760; x_wconf 89' lang='lat' dir='ltr'><strong>ib.</strong></span> <span class='ocrx_word' id='word_1_148' title='bbox 572 1697 606 1763; x_wconf 76' lang='grc' dir='ltr'><strong>δὲ</strong></span> <span class='ocrx_word' id='word_1_149' title='bbox 626 1693 882 1778; x_wconf 71' lang='grc' dir='ltr'><strong>ἠναγκάσθημεν</strong></span> <span class='ocrx_word' id='word_1_150' title='bbox 909 1695 989 1784; x_wconf 76' lang='grc' dir='ltr'><em>πρὸς</em></span> <span class='ocrx_word' id='word_1_151' title='bbox 1015 1696 1117 1765; x_wconf 78' lang='grc' dir='ltr'><em>αὐτὸν</em></span> <span class='ocrx_word' id='word_1_152' title='bbox 1147 1699 1236 1767; x_wconf 80' lang='grc' dir='ltr'><em>ἀνιο-</em></span> 
     </span>
     <span class='ocr_line' id='line_1_17' title="bbox 95 1787 1234 1885; baseline 0.001 -19"><span class='ocrx_word' id='word_1_153' title='bbox 95 1796 98 1801; x_wconf 74' lang='grc'><strong>’</strong></span> <span class='ocrx_word' id='word_1_154' title='bbox 146 1802 272 1885; x_wconf 75' lang='grc' dir='ltr'><em>βλένναν</em></span> <span class='ocrx_word' id='word_1_155' title='bbox 294 1804 347 1864; x_wconf 84' lang='lat' dir='ltr'><strong>est</strong></span> <span class='ocrx_word' id='word_1_156' title='bbox 369 1797 601 1879; x_wconf 85' lang='lat' dir='ltr'><strong>corrigendum,</strong></span> <span class='ocrx_word' id='word_1_157' title='bbox 624 1817 687 1863; x_wconf 90' lang='lat' dir='ltr'><strong>uon</strong></span> <span class='ocrx_word' id='word_1_158' title='bbox 709 1787 837 1883; x_wconf 75' lang='lat' dir='ltr'><strong>quidem</strong></span> <span class='ocrx_word' id='word_1_159' title='bbox 859 1819 930 1865; x_wconf 87' lang='lat' dir='ltr'><strong>eum</strong></span> <span class='ocrx_word' id='word_1_160' title='bbox 953 1803 1037 1884; x_wconf 83' lang='lat' dir='ltr'><strong>Aug.</strong></span> <span class='ocrx_word' id='word_1_161' title='bbox 1058 1801 1094 1871; x_wconf 75' lang='lat' dir='ltr'><strong>m</strong></span> <span class='ocrx_word' id='word_1_162' title='bbox 1114 1799 1234 1879; x_wconf 77' lang='grc' dir='ltr'><em>πάντες</em></span> 
     </span>
     <span class='ocr_line' id='line_1_18' title="bbox 145 1893 1238 1983; baseline 0.002 -16"><span class='ocrx_word' id='word_1_163' title='bbox 145 1904 179 1968; x_wconf 72' lang='grc' dir='ltr'><strong>δὲ</strong></span> <span class='ocrx_word' id='word_1_164' title='bbox 201 1906 245 1976; x_wconf 80' lang='grc' dir='ltr'><strong>εἰς</strong></span> <span class='ocrx_word' id='word_1_165' title='bbox 265 1894 366 1964; x_wconf 80' lang='grc' dir='ltr'><em>αὐτὸν</em></span> <span class='ocrx_word' id='word_1_166' title='bbox 387 1893 642 1979; x_wconf 66' lang='grc' dir='ltr'><strong>ἠναγκάσθημεν</strong></span> <span class='ocrx_word' id='word_1_167' title='bbox 663 1901 945 1983; x_wconf 75' lang='grc' dir='ltr'><em>προσαποβλέπειν,</em></span> <span class='ocrx_word' id='word_1_168' title='bbox 965 1900 1001 1967; x_wconf 81' lang='lat' dir='ltr'><strong>iri</strong></span> <span class='ocrx_word' id='word_1_169' title='bbox 1022 1902 1106 1967; x_wconf 86' lang='lat' dir='ltr'><strong>euim</strong></span> <span class='ocrx_word' id='word_1_170' title='bbox 1122 1921 1168 1973; x_wconf 79' lang='lat' dir='ltr'><strong>ex</strong></span> <span class='ocrx_word' id='word_1_171' title='bbox 1182 1903 1238 1969; x_wconf 84' lang='lat' dir='ltr'><strong>In-</strong></span> 
     </span>
     <span class='ocr_line' id='line_1_19' title="bbox 147 1996 1237 2088; baseline 0 -18"><span class='ocrx_word' id='word_1_172' title='bbox 147 2001 302 2088; x_wconf 77' lang='lat' dir='ltr'><strong>termetis</strong></span> <span class='ocrx_word' id='word_1_173' title='bbox 327 2017 440 2079; x_wconf 78' lang='lat' dir='ltr'><strong>muru,</strong></span> <span class='ocrx_word' id='word_1_174' title='bbox 482 1999 537 2084; x_wconf 86' lang='lat' dir='ltr'><strong>qui</strong></span> <span class='ocrx_word' id='word_1_175' title='bbox 558 2017 616 2084; x_wconf 89' lang='lat' dir='ltr'><strong>pro</strong></span> <span class='ocrx_word' id='word_1_176' title='bbox 637 1996 715 2083; x_wconf 78' lang='grc' dir='ltr'><em>πρὸς</em></span> <span class='ocrx_word' id='word_1_177' title='bbox 742 2007 999 2086; x_wconf 66' lang='lat' dir='ltr'><strong>exspectaverat</strong></span> <span class='ocrx_word' id='word_1_178' title='bbox 1025 2007 1085 2080; x_wconf 80' lang='grc' dir='ltr'><em>εἰς,</em></span> <span class='ocrx_word' id='word_1_179' title='bbox 1127 2012 1237 2069; x_wconf 83' lang='lat' dir='ltr'><strong>ortum</strong></span> 
     </span>
     <span class='ocr_line' id='line_1_20' title="bbox 147 2098 1237 2185; baseline 0 -14"><span class='ocrx_word' id='word_1_180' title='bbox 147 2123 226 2171; x_wconf 85' lang='lat' dir='ltr'><strong>esse</strong></span> <span class='ocrx_word' id='word_1_181' title='bbox 248 2101 387 2175; x_wconf 88' lang='lat' dir='ltr'><strong>videtur,</strong></span> <span class='ocrx_word' id='word_1_182' title='bbox 410 2117 515 2185; x_wconf 84' lang='lat' dir='ltr'><strong>neque</strong></span> <span class='ocrx_word' id='word_1_183' title='bbox 536 2119 606 2164; x_wconf 90' lang='lat' dir='ltr'><strong>eum</strong></span> <span class='ocrx_word' id='word_1_184' title='bbox 621 2098 810 2185; x_wconf 80' lang='lat' dir='ltr'><strong>Schweigb.</strong></span> <span class='ocrx_word' id='word_1_185' title='bbox 822 2103 854 2167; x_wconf 89' lang='lat' dir='ltr'><strong>io</strong></span> <span class='ocrx_word' id='word_1_186' title='bbox 866 2098 1139 2182; x_wconf 78' lang='grc' dir='ltr'><em>ἡναγκάσθησαν,</em></span> <span class='ocrx_word' id='word_1_187' title='bbox 1159 2123 1237 2173; x_wconf 82' lang='lat' dir='ltr'><strong>uum</strong></span> 
     </span>
     <span class='ocr_line' id='line_1_21' title="bbox 147 2197 1237 2292; baseline 0.001 -22"><span class='ocrx_word' id='word_1_188' title='bbox 147 2204 232 2292; x_wconf 81' lang='lat' dir='ltr'><strong>quod</strong></span> <span class='ocrx_word' id='word_1_189' title='bbox 263 2203 408 2287; x_wconf 84' lang='lat' dir='ltr'><strong>sequitur</strong></span> <span class='ocrx_word' id='word_1_190' title='bbox 436 2198 572 2276; x_wconf 79' lang='grc' dir='ltr'><strong>δεδιότες</strong></span> <span class='ocrx_word' id='word_1_191' title='bbox 602 2197 659 2278; x_wconf 81' lang='grc' dir='ltr'><strong>τὴν</strong></span> <span class='ocrx_word' id='word_1_192' title='bbox 686 2205 869 2267; x_wconf 80' lang='grc' dir='ltr'><em>συντέλειαν</em></span> <span class='ocrx_word' id='word_1_193' title='bbox 897 2205 961 2267; x_wconf 74' lang='grc' dir='ltr'><strong>τῶν</strong></span> <span class='ocrx_word' id='word_1_194' title='bbox 982 2200 1237 2287; x_wconf 68' lang='grc' dir='ltr'><em>ἀποβησομένων</em></span> 
     </span>
     <span class='ocr_line' id='line_1_22' title="bbox 146 2299 1237 2391; baseline 0 -20"><span class='ocrx_word' id='word_1_195' title='bbox 146 2307 195 2371; x_wconf 86' lang='lat' dir='ltr'><strong>itu</strong></span> <span class='ocrx_word' id='word_1_196' title='bbox 217 2308 271 2368; x_wconf 89' lang='lat' dir='ltr'><strong>est</strong></span> <span class='ocrx_word' id='word_1_197' title='bbox 291 2299 549 2385; x_wconf 84' lang='lat' dir='ltr'><strong>inteIIIgendum:</strong></span> <span class='ocrx_word' id='word_1_198' title='bbox 572 2303 751 2388; x_wconf 86' lang='lat' dir='ltr'><strong>quicunque</strong></span> <span class='ocrx_word' id='word_1_199' title='bbox 772 2303 814 2368; x_wconf 89' lang='lat' dir='ltr'><strong>de</strong></span> <span class='ocrx_word' id='word_1_200' title='bbox 836 2304 934 2369; x_wconf 85' lang='lat' dir='ltr'><strong>rebus</strong></span> <span class='ocrx_word' id='word_1_201' title='bbox 954 2304 1115 2371; x_wconf 87' lang='lat' dir='ltr'><strong>bocbelio</strong></span> <span class='ocrx_word' id='word_1_202' title='bbox 1128 2307 1237 2391; x_wconf 80' lang='lat' dir='ltr'><strong>gestis</strong></span> 
     </span>
     <span class='ocr_line' id='line_1_23' title="bbox 143 2402 1237 2492; baseline 0 -19"><span class='ocrx_word' id='word_1_203' title='bbox 143 2404 253 2492; x_wconf 76' lang='lat' dir='ltr'><strong>cudit,</strong></span> <span class='ocrx_word' id='word_1_204' title='bbox 291 2404 429 2469; x_wconf 81' lang='lat' dir='ltr'><strong>animum</strong></span> <span class='ocrx_word' id='word_1_205' title='bbox 450 2402 492 2467; x_wconf 83' lang='lat' dir='ltr'><strong>ud</strong></span> <span class='ocrx_word' id='word_1_206' title='bbox 514 2421 574 2469; x_wconf 85' lang='lat' dir='ltr'><strong>eus</strong></span> <span class='ocrx_word' id='word_1_207' title='bbox 595 2403 749 2471; x_wconf 80' lang='lat' dir='ltr'><strong>advertet</strong></span> <span class='ocrx_word' id='word_1_208' title='bbox 771 2412 919 2489; x_wconf 90' lang='lat' dir='ltr'><strong>oportet,</strong></span> <span class='ocrx_word' id='word_1_209' title='bbox 958 2407 1032 2491; x_wconf 75' lang='lat' dir='ltr'><strong>quic</strong></span> <span class='ocrx_word' id='word_1_210' title='bbox 1053 2424 1237 2490; x_wconf 73' lang='lat' dir='ltr'><strong>suspensus</strong></span> 
     </span>
     <span class='ocr_line' id='line_1_24' title="bbox 144 2504 1235 2595; baseline -0.003 -22"><span class='ocrx_word' id='word_1_211' title='bbox 144 2513 211 2592; x_wconf 80' lang='lat' dir='ltr'><strong>cst,</strong></span> <span class='ocrx_word' id='word_1_212' title='bbox 232 2524 384 2591; x_wconf 80' lang='lat' dir='ltr'><strong>quorsum</strong></span> <span class='ocrx_word' id='word_1_213' title='bbox 403 2521 459 2569; x_wconf 88' lang='lat' dir='ltr'><strong>res</strong></span> <span class='ocrx_word' id='word_1_214' title='bbox 479 2523 642 2571; x_wconf 80' lang='lat' dir='ltr'><strong>evasurue</strong></span> <span class='ocrx_word' id='word_1_215' title='bbox 662 2506 748 2595; x_wconf 77' lang='lat' dir='ltr'><strong>sint3</strong></span> <span class='ocrx_word' id='word_1_216' title='bbox 771 2505 831 2571; x_wconf 83' lang='lat' dir='ltr'><strong>sed</strong></span> <span class='ocrx_word' id='word_1_217' title='bbox 854 2505 1074 2573; x_wconf 82' lang='lat' dir='ltr'><strong>tautummodo</strong></span> <span class='ocrx_word' id='word_1_218' title='bbox 1095 2504 1235 2575; x_wconf 63' lang='lat' dir='ltr'><strong>‹ti-inb.</strong></span> 
     </span>
     <span class='ocr_line' id='line_1_25' title="bbox 145 2600 1235 2693; baseline -0.002 -20"><span class='ocrx_word' id='word_1_219' title='bbox 145 2608 193 2673; x_wconf 94' lang='lat' dir='ltr'><strong>lb.</strong></span> <span class='ocrx_word' id='word_1_220' title='bbox 218 2605 252 2673; x_wconf 78' lang='grc' dir='ltr'><strong>ὅ.</strong></span> <span class='ocrx_word' id='word_1_221' title='bbox 275 2625 334 2692; x_wconf 86' lang='lat' dir='ltr'><strong>pro</strong></span> <span class='ocrx_word' id='word_1_222' title='bbox 354 2602 429 2671; x_wconf 74' lang='lat' dir='ltr'><strong>bricii</strong></span> <span class='ocrx_word' id='word_1_223' title='bbox 451 2602 500 2691; x_wconf 75' lang='grc' dir='ltr'><strong>ἐφ’</strong></span> <span class='ocrx_word' id='word_1_224' title='bbox 524 2600 614 2681; x_wconf 86' lang='grc' dir='ltr'><em>ὅσον,</em></span> <span class='ocrx_word' id='word_1_225' title='bbox 638 2606 722 2690; x_wconf 89' lang='lat' dir='ltr'><strong>quod</strong></span> <span class='ocrx_word' id='word_1_226' title='bbox 744 2607 819 2672; x_wconf 87' lang='lat' dir='ltr'><strong>edd.</strong></span> <span class='ocrx_word' id='word_1_227' title='bbox 841 2624 911 2673; x_wconf 87' lang='lat' dir='ltr'><strong>cum</strong></span> <span class='ocrx_word' id='word_1_228' title='bbox 932 2605 1017 2672; x_wconf 84' lang='lat' dir='ltr'><strong>Bev.</strong></span> <span class='ocrx_word' id='word_1_229' title='bbox 1041 2608 1124 2691; x_wconf 78' lang='lat' dir='ltr'><strong>Aug.</strong></span> <span class='ocrx_word' id='word_1_230' title='bbox 1145 2607 1235 2693; x_wconf 73' lang='lat' dir='ltr'><strong>Reg.</strong></span> 
     </span>
     <span class='ocr_line' id='line_1_26' title="bbox 146 2702 1234 2794; baseline 0.003 -20"><span class='ocrx_word' id='word_1_231' title='bbox 146 2710 188 2775; x_wconf 82' lang='lat' dir='ltr'><strong>A.</strong></span> <span class='ocrx_word' id='word_1_232' title='bbox 210 2708 248 2775; x_wconf 89' lang='lat' dir='ltr'><strong>B.</strong></span> <span class='ocrx_word' id='word_1_233' title='bbox 271 2707 401 2785; x_wconf 87' lang='lat' dir='ltr'><strong>bubcut,</strong></span> <span class='ocrx_word' id='word_1_234' title='bbox 424 2705 531 2771; x_wconf 82' lang='lat' dir='ltr'><strong>scrIbe</strong></span> <span class='ocrx_word' id='word_1_235' title='bbox 553 2702 620 2771; x_wconf 66' lang='lat' dir='ltr'><strong>orici</strong></span> <span class='ocrx_word' id='word_1_236' title='bbox 643 2704 697 2792; x_wconf 74' lang='grc' dir='ltr'><strong>ἐφ’</strong></span> <span class='ocrx_word' id='word_1_237' title='bbox 723 2703 811 2787; x_wconf 85' lang='grc' dir='ltr'><em>ὅσον,</em></span> <span class='ocrx_word' id='word_1_238' title='bbox 833 2727 896 2792; x_wconf 89' lang='lat' dir='ltr'><strong>quo</strong></span> <span class='ocrx_word' id='word_1_239' title='bbox 916 2707 1125 2775; x_wconf 83' lang='lat' dir='ltr'><strong>etiumducit</strong></span> <span class='ocrx_word' id='word_1_240' title='bbox 1145 2708 1234 2794; x_wconf 78' lang='lat' dir='ltr'><strong>quod</strong></span> 
     </span>
     <span class='ocr_line' id='line_1_27' title="bbox 146 2804 1236 2895; baseline 0.002 -20"><span class='ocrx_word' id='word_1_241' title='bbox 146 2812 180 2876; x_wconf 84' lang='lat' dir='ltr'><strong>iu</strong></span> <span class='ocrx_word' id='word_1_242' title='bbox 202 2809 280 2875; x_wconf 82' lang='lat' dir='ltr'><strong>Urb.</strong></span> <span class='ocrx_word' id='word_1_243' title='bbox 303 2808 377 2871; x_wconf 75' lang='lat' dir='ltr'><strong>vm.</strong></span> <span class='ocrx_word' id='word_1_244' title='bbox 399 2806 486 2871; x_wconf 80' lang='lat' dir='ltr'><strong>VIor.</strong></span> <span class='ocrx_word' id='word_1_245' title='bbox 510 2804 583 2871; x_wconf 69' lang='lat' dir='ltr'><strong>otoo</strong></span> <span class='ocrx_word' id='word_1_246' title='bbox 602 2811 718 2891; x_wconf 76' lang='grc' dir='ltr'><em>σφισιν</em></span> <span class='ocrx_word' id='word_1_247' title='bbox 737 2808 868 2891; x_wconf 75' lang='lat' dir='ltr'><strong>tegitur.</strong></span> <span class='ocrx_word' id='word_1_248' title='bbox 891 2807 1048 2888; x_wconf 80' lang='lat' dir='ltr'>XXXIV,</span> <span class='ocrx_word' id='word_1_249' title='bbox 1071 2807 1107 2873; x_wconf 80' lang='lat' dir='ltr'><strong>b.</strong></span> <span class='ocrx_word' id='word_1_250' title='bbox 1128 2816 1236 2895; x_wconf 76' lang='lat' dir='ltr'><strong>pro-ot</strong></span> 
     </span>
     <span class='ocr_line' id='line_1_28' title="bbox 145 2904 1235 2994; baseline 0.002 -19"><span class='ocrx_word' id='word_1_251' title='bbox 145 2906 293 2994; x_wconf 76' lang='grc' dir='ltr'><em>πρότερον</em></span> <span class='ocrx_word' id='word_1_252' title='bbox 312 2904 373 2971; x_wconf 78' lang='grc' dir='ltr'><strong>οὐκ</strong></span> <span class='ocrx_word' id='word_1_253' title='bbox 385 2907 491 2973; x_wconf 84' lang='lat' dir='ltr'><strong>scribe</strong></span> <span class='ocrx_word' id='word_1_254' title='bbox 506 2908 576 2971; x_wconf 89' lang='lat' dir='ltr'><strong>usui</strong></span> <span class='ocrx_word' id='word_1_255' title='bbox 590 2907 719 2992; x_wconf 91' lang='lat' dir='ltr'><strong>Ponbii</strong></span> <span class='ocrx_word' id='word_1_256' title='bbox 732 2910 967 2977; x_wconf 83' lang='lat' dir='ltr'><strong>convenienter</strong></span> <span class='ocrx_word' id='word_1_257' title='bbox 987 2906 1104 2988; x_wconf 84' lang='lat' dir='ltr'>[r.VI,</span> <span class='ocrx_word' id='word_1_258' title='bbox 1125 2907 1162 2985; x_wconf 77' lang='lat' dir='ltr'><strong>b,</strong></span> <span class='ocrx_word' id='word_1_259' title='bbox 1180 2907 1235 2991; x_wconf 83' lang='grc'><strong>2.)</strong></span> 
     </span>
     <span class='ocr_line' id='line_1_29' title="bbox 148 3003 1237 3095; baseline 0.005 -21"><span class='ocrx_word' id='word_1_260' title='bbox 148 3015 181 3074; x_wconf 81' lang='grc' dir='ltr'><strong>οι·</strong></span> <span class='ocrx_word' id='word_1_261' title='bbox 193 3008 346 3092; x_wconf 78' lang='grc' dir='ltr'><em>πρότερον</em></span> <span class='ocrx_word' id='word_1_262' title='bbox 361 3003 435 3083; x_wconf 76' lang='grc' dir='ltr'><em>οὐκ,</em></span> <span class='ocrx_word' id='word_1_263' title='bbox 453 3024 536 3092; x_wconf 76' lang='lat' dir='ltr'><strong>quoe</strong></span> <span class='ocrx_word' id='word_1_264' title='bbox 559 3028 652 3095; x_wconf 91' lang='lat' dir='ltr'><strong>quum</strong></span> <span class='ocrx_word' id='word_1_265' title='bbox 674 3027 776 3093; x_wconf 79' lang='lat' dir='ltr'><strong>scope</strong></span> <span class='ocrx_word' id='word_1_266' title='bbox 795 3009 883 3075; x_wconf 91' lang='lat' dir='ltr'><strong>inter</strong></span> <span class='ocrx_word' id='word_1_267' title='bbox 904 3027 944 3076; x_wconf 87' lang='lat' dir='ltr'><strong>se</strong></span> <span class='ocrx_word' id='word_1_268' title='bbox 964 3011 1031 3075; x_wconf 88' lang='lat' dir='ltr'><strong>siut</strong></span> <span class='ocrx_word' id='word_1_269' title='bbox 1053 3016 1237 3095; x_wconf 75' lang='lat' dir='ltr'><strong>permutata</strong></span> 
     </span>
     <span class='ocr_line' id='line_1_30' title="bbox 144 3106 1237 3197; baseline 0.004 -22"><span class='ocrx_word' id='word_1_270' title='bbox 144 3109 255 3175; x_wconf 86' lang='lat' dir='ltr'><strong>disces</strong></span> <span class='ocrx_word' id='word_1_271' title='bbox 268 3129 310 3175; x_wconf 82' lang='lat' dir='ltr'><strong>ex</strong></span> <span class='ocrx_word' id='word_1_272' title='bbox 324 3108 459 3174; x_wconf 83' lang='lat' dir='ltr'><strong>Lexioo.</strong></span> <span class='ocrx_word' id='word_1_273' title='bbox 472 3108 589 3194; x_wconf 83' lang='lat' dir='ltr'><strong>Polyb.</strong></span> <span class='ocrx_word' id='word_1_274' title='bbox 604 3109 752 3197; x_wconf 88' lang='lat' dir='ltr'>XXXV,</span> <span class='ocrx_word' id='word_1_275' title='bbox 775 3106 809 3173; x_wconf 86' lang='grc'><strong>6.</strong></span> <span class='ocrx_word' id='word_1_276' title='bbox 830 3111 903 3177; x_wconf 87' lang='lat' dir='ltr'><strong>siue</strong></span> <span class='ocrx_word' id='word_1_277' title='bbox 917 3110 1096 3177; x_wconf 79' lang='lat' dir='ltr'><strong>offensione</strong></span> <span class='ocrx_word' id='word_1_278' title='bbox 1114 3111 1237 3197; x_wconf 74' lang='lat' dir='ltr'><strong>iegitur</strong></span> 
     </span>
     <span class='ocr_line' id='line_1_31' title="bbox 144 3206 1240 3299; baseline 0.002 -22"><span class='ocrx_word' id='word_1_279' title='bbox 144 3213 202 3277; x_wconf 78' lang='grc' dir='ltr'><strong>καὶ</strong></span> <span class='ocrx_word' id='word_1_280' title='bbox 215 3207 351 3292; x_wconf 79' lang='grc' dir='ltr'><strong>ἀλόγως.</strong></span> <span class='ocrx_word' id='word_1_281' title='bbox 374 3207 531 3287; x_wconf 89' lang='lat' dir='ltr'>XXXVI,</span> <span class='ocrx_word' id='word_1_282' title='bbox 555 3207 589 3275; x_wconf 86' lang='lat'><strong>3.</strong></span> <span class='ocrx_word' id='word_1_283' title='bbox 610 3209 756 3295; x_wconf 85' lang='lat' dir='ltr'><strong>corriges</strong></span> <span class='ocrx_word' id='word_1_284' title='bbox 767 3211 801 3275; x_wconf 78' lang='grc' dir='ltr'><strong>δὲ</strong></span> <span class='ocrx_word' id='word_1_285' title='bbox 812 3207 924 3290; x_wconf 76' lang='grc' dir='ltr'><em>αὐτὸν,</em></span> <span class='ocrx_word' id='word_1_286' title='bbox 946 3210 1122 3299; x_wconf 86' lang='lat' dir='ltr'>XXXVII,</span> <span class='ocrx_word' id='word_1_287' title='bbox 1143 3206 1181 3277; x_wconf 79' lang='grc'><strong>2.</strong></span> <span class='ocrx_word' id='word_1_288' title='bbox 1203 3214 1240 3279; x_wconf 73' lang='lat' dir='ltr'><strong>bi</strong></span> 
     </span>
     <span class='ocr_line' id='line_1_32' title="bbox 143 3308 1236 3397; baseline -0.001 -19"><span class='ocrx_word' id='word_1_289' title='bbox 143 3310 173 3379; x_wconf 90' lang='grc' dir='ltr'><strong>ὁ.</strong></span> <span class='ocrx_word' id='word_1_290' title='bbox 203 3311 261 3376; x_wconf 83' lang='lat' dir='ltr'>II).</span> <span class='ocrx_word' id='word_1_291' title='bbox 285 3311 405 3396; x_wconf 82' lang='lat' dir='ltr'><strong>poterit</strong></span> <span class='ocrx_word' id='word_1_292' title='bbox 425 3309 502 3375; x_wconf 83' lang='lat' dir='ltr'><strong>ferri</strong></span> <span class='ocrx_word' id='word_1_293' title='bbox 522 3334 575 3387; x_wconf 88' lang='grc' dir='ltr'><strong>σε,</strong></span> <span class='ocrx_word' id='word_1_294' title='bbox 597 3313 669 3396; x_wconf 75' lang='grc' dir='ltr'><em>ἔφη,</em></span> <span class='ocrx_word' id='word_1_295' title='bbox 689 3329 753 3375; x_wconf 84' lang='lat' dir='ltr'><strong>non</strong></span> <span class='ocrx_word' id='word_1_296' title='bbox 774 3311 821 3375; x_wconf 82' lang='lat' dir='ltr'><strong>ita</strong></span> <span class='ocrx_word' id='word_1_297' title='bbox 842 3310 1043 3397; x_wconf 90' lang='lat' dir='ltr'>XXXVIII,</span> <span class='ocrx_word' id='word_1_298' title='bbox 1067 3308 1101 3375; x_wconf 87' lang='lat'><strong>1.</strong></span> <span class='ocrx_word' id='word_1_299' title='bbox 1124 3311 1159 3379; x_wconf 74' lang='lat' dir='ltr'><strong>oi</strong></span> <span class='ocrx_word' id='word_1_300' title='bbox 1178 3317 1236 3391; x_wconf 75' lang='lat' dir='ltr'><strong>uic.</strong></span> 
     </span>
     <span class='ocr_line' id='line_1_33' title="bbox 145 3408 1238 3498; baseline -0.002 -19"><span class='ocrx_word' id='word_1_301' title='bbox 145 3412 310 3498; x_wconf 82' lang='lat' dir='ltr'>XXXIX,</span> <span class='ocrx_word' id='word_1_302' title='bbox 334 3410 370 3477; x_wconf 85' lang='grc'><strong>3.</strong></span> <span class='ocrx_word' id='word_1_303' title='bbox 398 3410 472 3477; x_wconf 81' lang='grc' dir='ltr'><em>τότε</em></span> <span class='ocrx_word' id='word_1_304' title='bbox 493 3416 554 3479; x_wconf 80' lang='grc' dir='ltr'><strong>ἐπὶ.</strong></span> <span class='ocrx_word' id='word_1_305' title='bbox 576 3412 670 3489; x_wconf 91' lang='lat' dir='ltr'>XLI,</span> <span class='ocrx_word' id='word_1_306' title='bbox 692 3409 728 3475; x_wconf 90' lang='grc'><strong>2.</strong></span> <span class='ocrx_word' id='word_1_307' title='bbox 749 3412 785 3476; x_wconf 77' lang='grc' dir='ltr'><strong>δὲ</strong></span> <span class='ocrx_word' id='word_1_308' title='bbox 804 3408 955 3497; x_wconf 68' lang='grc' dir='ltr'><em>Ἑρμείας</em></span> <span class='ocrx_word' id='word_1_309' title='bbox 975 3421 1010 3478; x_wconf 85' lang='grc' dir='ltr'><strong>θ1</strong></span> <span class='ocrx_word' id='word_1_310' title='bbox 1031 3413 1065 3479; x_wconf 64' lang='grc' dir='ltr'><strong>δὲ</strong></span> <span class='ocrx_word' id='word_1_311' title='bbox 1083 3415 1151 3491; x_wconf 76' lang='grc' dir='ltr'><strong><em>ἐπὶ,</em></strong></span> <span class='ocrx_word' id='word_1_312' title='bbox 1183 3414 1238 3479; x_wconf 82' lang='lat' dir='ltr'><strong>ubi</strong></span> 
     </span>
     <span class='ocr_line' id='line_1_34' title="bbox 147 3510 1235 3600; baseline 0 -21"><span class='ocrx_word' id='word_1_313' title='bbox 147 3518 232 3598; x_wconf 81' lang='lat' dir='ltr'><strong>Aug.</strong></span> <span class='ocrx_word' id='word_1_314' title='bbox 254 3518 305 3580; x_wconf 78' lang='grc' dir='ltr'><strong>ἐπὶ</strong></span> <span class='ocrx_word' id='word_1_315' title='bbox 325 3515 459 3598; x_wconf 89' lang='lat' dir='ltr'><strong>omittit,</strong></span> <span class='ocrx_word' id='word_1_316' title='bbox 500 3515 576 3600; x_wconf 81' lang='lat' dir='ltr'><strong>quia</strong></span> <span class='ocrx_word' id='word_1_317' title='bbox 597 3515 752 3598; x_wconf 84' lang='lat' dir='ltr'><strong>scriptum</strong></span> <span class='ocrx_word' id='word_1_318' title='bbox 773 3518 845 3579; x_wconf 75' lang='lat' dir='ltr'><strong>erut</strong></span> <span class='ocrx_word' id='word_1_319' title='bbox 866 3511 897 3577; x_wconf 79' lang='grc' dir='ltr'><strong>δ’</strong></span> <span class='ocrx_word' id='word_1_320' title='bbox 923 3516 984 3578; x_wconf 76' lang='grc' dir='ltr'><strong>ἐπὶ.</strong></span> <span class='ocrx_word' id='word_1_321' title='bbox 1016 3510 1051 3577; x_wconf 77' lang='grc'><strong>3.</strong></span> <span class='ocrx_word' id='word_1_322' title='bbox 1072 3515 1107 3579; x_wconf 75' lang='grc' dir='ltr'><strong>δὲ</strong></span> <span class='ocrx_word' id='word_1_323' title='bbox 1137 3510 1235 3595; x_wconf 81' lang='grc' dir='ltr'><strong>ὠμὸς.</strong></span> 
     </span>
     <span class='ocr_line' id='line_1_35' title="bbox 143 3611 1236 3701; baseline -0.001 -20"><span class='ocrx_word' id='word_1_324' title='bbox 143 3614 258 3691; x_wconf 85' lang='lat' dir='ltr'>XLII,</span> <span class='ocrx_word' id='word_1_325' title='bbox 278 3613 315 3681; x_wconf 84' lang='grc'><strong>8.</strong></span> <span class='ocrx_word' id='word_1_326' title='bbox 335 3616 371 3681; x_wconf 73' lang='grc' dir='ltr'><strong>δὲ</strong></span> <span class='ocrx_word' id='word_1_327' title='bbox 390 3616 577 3701; x_wconf 73' lang='grc' dir='ltr'><strong>ἐπιγραφῆς.</strong></span> <span class='ocrx_word' id='word_1_328' title='bbox 603 3614 740 3699; x_wconf 88' lang='lat' dir='ltr'>XLIII,</span> <span class='ocrx_word' id='word_1_329' title='bbox 764 3611 799 3679; x_wconf 92' lang='grc'><strong>1.</strong></span> <span class='ocrx_word' id='word_1_330' title='bbox 826 3615 860 3679; x_wconf 79' lang='grc' dir='ltr'><strong>δὲ</strong></span> <span class='ocrx_word' id='word_1_331' title='bbox 886 3611 998 3679; x_wconf 77' lang='grc' dir='ltr'><em>αὐτοῦ.</em></span> <span class='ocrx_word' id='word_1_332' title='bbox 1018 3612 1148 3695; x_wconf 86' lang='lat' dir='ltr'>XLIV,</span> <span class='ocrx_word' id='word_1_333' title='bbox 1174 3613 1236 3681; x_wconf 92' lang='grc'><strong>11.</strong></span> 
     </span>
     <span class='ocr_line' id='line_1_36' title="bbox 141 3713 1238 3801; baseline -0.002 -20"><span class='ocrx_word' id='word_1_334' title='bbox 141 3718 177 3781; x_wconf 74' lang='grc' dir='ltr'><strong>δὲ</strong></span> <span class='ocrx_word' id='word_1_335' title='bbox 198 3713 228 3792; x_wconf 81' lang='grc' dir='ltr'><strong>ἡ.</strong></span> <span class='ocrx_word' id='word_1_336' title='bbox 272 3717 378 3783; x_wconf 85' lang='lat' dir='ltr'><strong>Reotc</strong></span> <span class='ocrx_word' id='word_1_337' title='bbox 399 3723 507 3783; x_wconf 79' lang='lat' dir='ltr'><strong>autem</strong></span> <span class='ocrx_word' id='word_1_338' title='bbox 529 3716 628 3781; x_wconf 78' lang='lat' dir='ltr'><strong>habet</strong></span> <span class='ocrx_word' id='word_1_339' title='bbox 648 3713 844 3793; x_wconf 89' lang='lat' dir='ltr'>XXXVIII,</span> <span class='ocrx_word' id='word_1_340' title='bbox 868 3713 904 3780; x_wconf 77' lang='lat'><strong>7.</strong></span> <span class='ocrx_word' id='word_1_341' title='bbox 926 3716 1140 3801; x_wconf 74' lang='grc' dir='ltr'><em>ὃεσμνιτηρίηι</em></span> <span class='ocrx_word' id='word_1_342' title='bbox 1163 3713 1238 3793; x_wconf 71' lang='lat' dir='ltr'><strong>Eu.</strong></span> 
     </span>
     <span class='ocr_line' id='line_1_37' title="bbox 143 3813 1237 3903; baseline -0.002 -20"><span class='ocrx_word' id='word_1_343' title='bbox 143 3818 217 3894; x_wconf 91' lang='lat' dir='ltr'>XL,</span> <span class='ocrx_word' id='word_1_344' title='bbox 240 3814 276 3881; x_wconf 86' lang='grc'><strong>2.</strong></span> <span class='ocrx_word' id='word_1_345' title='bbox 298 3815 342 3897; x_wconf 85' lang='grc' dir='ltr'><strong>μὴ</strong></span> <span class='ocrx_word' id='word_1_346' title='bbox 365 3815 445 3881; x_wconf 88' lang='grc' dir='ltr'><em>οἷον.</em></span> <span class='ocrx_word' id='word_1_347' title='bbox 469 3813 506 3879; x_wconf 87' lang='grc'><strong>4.</strong></span> <span class='ocrx_word' id='word_1_348' title='bbox 525 3818 675 3897; x_wconf 77' lang='grc' dir='ltr'><strong>πολέμου.</strong></span> <span class='ocrx_word' id='word_1_349' title='bbox 697 3813 863 3895; x_wconf 81' lang='grc' dir='ltr'><em>Ἀντίοχος</em></span> <span class='ocrx_word' id='word_1_350' title='bbox 883 3814 1237 3903; x_wconf 70' lang='grc' dir='ltr'><strong>Χ1ι1,11.προὲφημή-</strong></span> 
     </span>
    </p>
   </div>
   <div class='ocr_carea' id='block_1_3' title="bbox 142 3914 1239 4104">
    <p class='ocr_par' dir='ltr' id='par_1_4' title="bbox 142 3914 1239 4104">
     <span class='ocr_line' id='line_1_38' title="bbox 142 3914 1239 4009; baseline 0.006 -28"><span class='ocrx_word' id='word_1_351' title='bbox 142 3942 210 3983; x_wconf 86' lang='grc' dir='ltr'><strong>νου.</strong></span> <span class='ocrx_word' id='word_1_352' title='bbox 232 3917 488 4000; x_wconf 79' lang='grc' dir='ltr'><em>ἀθροισθέντος.</em></span> <span class='ocrx_word' id='word_1_353' title='bbox 512 3915 619 4003; x_wconf 87' lang='lat' dir='ltr'>XLV,</span> <span class='ocrx_word' id='word_1_354' title='bbox 636 3914 672 3982; x_wconf 88' lang='grc'><strong>2.</strong></span> <span class='ocrx_word' id='word_1_355' title='bbox 694 3919 751 3983; x_wconf 80' lang='grc' dir='ltr'><strong>καὶ</strong></span> <span class='ocrx_word' id='word_1_356' title='bbox 761 3914 996 3992; x_wconf 75' lang='grc' dir='ltr'><em>ἀνυπόστατος.</em></span> <span class='ocrx_word' id='word_1_357' title='bbox 1022 3916 1098 3985; x_wconf 79' lang='lat' dir='ltr'><strong>sed</strong></span> <span class='ocrx_word' id='word_1_358' title='bbox 1112 3917 1239 4009; x_wconf 85' lang='lat' dir='ltr'>XLVI,</span> 
     </span>
     <span class='ocr_line' id='line_1_39' title="bbox 151 4013 1238 4104; baseline 0.005 -21"><span class='ocrx_word' id='word_1_359' title='bbox 151 4019 212 4083; x_wconf 88' lang='grc'><strong>11.</strong></span> <span class='ocrx_word' id='word_1_360' title='bbox 236 4019 269 4085; x_wconf 89' lang='lat' dir='ltr'><strong>iu</strong></span> <span class='ocrx_word' id='word_1_361' title='bbox 291 4014 411 4084; x_wconf 71' lang='grc' dir='ltr'><em>στάδια</em></span> <span class='ocrx_word' id='word_1_362' title='bbox 435 4013 586 4083; x_wconf 78' lang='grc' dir='ltr'><em>ὑποκάτω</em></span> <span class='ocrx_word' id='word_1_363' title='bbox 610 4037 653 4086; x_wconf 84' lang='lat' dir='ltr'><strong>cx</strong></span> <span class='ocrx_word' id='word_1_364' title='bbox 676 4019 752 4084; x_wconf 85' lang='lat' dir='ltr'><strong>Vut.</strong></span> <span class='ocrx_word' id='word_1_365' title='bbox 774 4024 809 4087; x_wconf 91' lang='lat' dir='ltr'><strong>et</strong></span> <span class='ocrx_word' id='word_1_366' title='bbox 830 4019 916 4085; x_wconf 82' lang='lat' dir='ltr'><strong>FIor.</strong></span> <span class='ocrx_word' id='word_1_367' title='bbox 939 4021 1051 4104; x_wconf 75' lang='lat' dir='ltr'><strong>recipe</strong></span> <span class='ocrx_word' id='word_1_368' title='bbox 1071 4020 1238 4103; x_wconf 74' lang='grc' dir='ltr'><em>σταδίοις,</em></span> 
     </span>
    </p>
   </div>
   <div class='ocr_carea' id='block_1_4' title="bbox 0 0 1286 4508">
    <p class='ocr_par' dir='ltr' id='par_1_5' title="bbox 0 0 1286 4508">
     <span class='ocr_line' id='line_1_40' title="bbox 0 0 1286 4508; baseline 0 0"><span class='ocrx_word' id='word_1_369' title='bbox 0 0 1286 4508; x_wconf 95' lang='lat' dir='ltr'><strong> </strong></span> 
     </span>
    </p>
   </div>
  </div>
 </body>
</html>
