2580 4514
571 134 844 195 -rao-

160 304 266 367 nicum
288 309 342 365 est
364 320 403 365 ac
426 301 533 385 potins
554 301 722 366 molestum
746 305 780 364 et
801 297 1036 366 inamoenum.“
1081 298 1179 382 Quod
1194 304 1246 386 ju·
1286 296 1288 309 '

160 401 275 466 ‹hcirrm
299 401 448 486 probavit
469 401 649 486 Reiskius,
671 419 778 486 neque
800 400 905 463 minus
926 400 1095 468 lloeckhio
1117 402 1160 469 de
1180 400 1245 469 De-

72 524 76 529 ·
161 523 229 568 con.
259 503 347 588 polit.
379 502 501 566 Athen.
533 502 570 590 1,
597 499 663 566 47.
692 509 725 567 et
747 499 902 565 Bekhero
926 501 1028 565 oratio
1050 504 1167 587 spuria
1188 513 1245 583 est,

159 605 200 669 de
223 605 313 686 cujus
336 610 468 668 auctore
484 604 552 686 jam
574 609 710 667 veteres
733 601 922 668 dubitabant
943 620 974 664 v.
997 601 1245 688 Harpocration.

158 726 188 769 s·
210 724 242 769 v.
261 701 495 787 Ἐκαλίστρουν
517 710 551 768 et
570 698 772 782 Ἠιτημένην.

243 801 313 869 Sed
336 823 399 867 non
423 803 528 866 minus
550 802 615 867 alia
637 804 752 886 oratio,
774 821 867 887 quam
882 801 1127 871 Demosthenes
1143 804 1245 871 eidem

156 903 377 989 Apollodoro,
400 900 440 966 de
463 921 525 988 quo
547 921 647 987 snpra
669 903 864 968 mentionem
886 903 1040 985 fecimus,
1068 905 1245 991 scripsisse

157 1003 293 1079 dicitur,
336 1002 570 1067 orationem
593 1003 665 1068 dico
688 1009 832 1068 contra
855 1003 1159 1083 Nicostratum,
1190 1006 1246 1071 hnc

159 1109 212 1169 est
234 1102 417 1170 referenda.
463 1101 516 1167 De
538 1103 600 1167 hac
622 1104 707 1168 enim
730 1105 879 1169 oratione
901 1110 936 1169 et
958 1109 1096 1170 veteres
1118 1104 1246 1173 dubita·

162 1210 297 1290 vernnt,
325 1223 359 1268 v.
383 1203 632 1290 Harpocration.
657 1223 685 1267 s.
702 1222 741 1269 ·v.
766 1199 945 1291 ἀπογραφὴ
967 1210 1002 1268 et
1021 1204 1111 1269 inter
1130 1225 1247 1273 recen·

158 1305 260 1370 tiores
282 1303 468 1369 Boechhius
490 1304 510 1366 l.
528 1304 549 1368 Ι.
563 1304 589 1378 l,
614 1300 705 1368 379.
750 1296 820 1385 Quo
843 1305 965 1368 rectius
986 1310 1095 1371 autem
1117 1304 1247 1371 Becke-

159 1425 215 1469 rus
237 1403 425 1485 (Demosth.
447 1425 479 1488 p.
502 1400 613 1482 444.)
647 1408 681 1468 et
703 1403 892 1469 Buechhius
922 1405 942 1469 l.
971 1405 1023 1470 all.
1053 1413 1247 1471 censuerunt

158 1507 336 1570 orationem
359 1525 421 1570 non
444 1504 487 1568 ad
509 1505 670 1591 privatas,
692 1504 753 1569 sed
775 1505 818 1570 ad
840 1506 985 1590 publicas
1008 1524 1086 1571 esse
1100 1506 1246 1573 referen-

158 1605 249 1691 dam,
271 1623 310 1668 eo
333 1606 437 1688 magis
461 1603 625 1690 offendes,
647 1604 731 1689 quod
754 1613 862 1672 orator
884 1607 1002 1671 nullam
1023 1606 1057 1670 in
1080 1606 1245 1673 evitandis

158 1706 300 1770 hiatibus
322 1706 467 1770 adhibuit
489 1723 609 1769 curam.
654 1703 725 1785 Quo
746 1707 906 1771 accedunt
927 1708 1007 1773 mire
1036 1713 1244 1775 oonstrnctne

156 1805 281 1891 periodi
307 1802 430 1885 1246,
455 1802 559 1868 2-3.
1216 1814 1222 1820 ”

241 1904 368 1970 Eodem
390 1912 498 1970 autem
515 1909 590 1989 jure
621 1907 714 1973 aliam
744 1909 841 1974 etiam
870 1909 1067 1990 orationem,
1111 1928 1198 1994 quae
1227 1929 1245 1975 a

158 2006 381 2072 Demosthene
407 2009 606 2093 Apollodoro
627 2008 725 2094 idque
749 2007 799 2080 Di.
817 2007 903 2089 ClV,
925 2007 963 2073 4.
986 2010 1033 2074 ita
1054 2015 1090 2073 ut
1113 2008 1156 2076 ad
1179 2011 1243 2096 pri-

158 2127 228 2172 mas
251 2109 323 2189 ejus
345 2109 511 2192 pertineat
533 2109 713 2194 cratinum,
752 2110 877 2194 scripta
899 2128 978 2173 esse
999 2109 1132 2198 dicitur,
1167 2129 1245 2197 quae

159 2217 212 2273 est
235 2215 380 2274 contra
402 2209 639 2295 Polyclem,
663 2209 805 2294 spuriam
816 2209 987 2292 judicabis.
1032 2209 1245 2277 Scatetenim

159 2317 209 2375 tut
242 2310 404 2394 hiatibus,
446 2318 481 2374 ut
504 2312 578 2392 jure
607 2310 649 2375 de
680 2309 905 2375 Demosthene
936 2317 1068 2376 auctore
1105 2312 1243 2393 dubites,

157 2411 277 2494 quippe
301 2411 354 2495 qui
378 2431 512 2496 prorsus
534 2411 628 2475 alium
652 2430 690 2474 se
705 2411 891 2494 praebuerit
904 2411 937 2474 in
951 2412 1154 2477 orationibus
1167 2432 1244 2479 con·

157 2519 208 2576 tra
229 2511 399 2596 Aphobum
422 2518 457 2575 et
480 2507 664 2575 Ductorem.
710 2507 780 2589 Quo
802 2509 948 2596 accedit,
970 2511 1055 2596 quod
1075 2514 1163 2579 satis
1186 2514 1244 2579 mi-

155 2630 225 2674 rum
248 2618 350 2696 esset,
372 2612 402 2675 si
425 2607 475 2674 01.
493 2609 578 2689 clv,
600 2609 635 2675 4.
658 2612 837 2676 orationem
859 2632 917 2696 pro
939 2612 1139 2696 Apollodoro
1162 2615 1244 2681 ucri·

157 2712 295 2794 psisset,
325 2712 375 2777 01.
399 2710 507 2790 CVll,
531 2709 564 2774 3.
594 2712 772 2777 orationem
794 2717 907 2776 contra
930 2713 1163 2797 Apollodorum
1185 2716 1243 2783 ho·

156 2811 284 2876 buissel
306 2821 339 2878 et
363 2810 412 2877 01.
437 2810 524 2876 ClX.
547 2815 663 2876 iterum
687 2832 744 2895 pro
767 2811 966 2896 Apollodoro
989 2814 1195 2904 scripsisset,
1214 2815 1243 2881 id

156 2912 241 2996 qarod
263 2914 361 2978 etiarn
383 2919 497 2977 contra
520 2911 697 2976 orationem
719 2913 977 2993 trierarchicam,
1015 2913 1057 2978 de
1080 2934 1145 3001 qna
1165 2917 1246 2983 intra

156 3010 254 3092 vide,
277 3011 339 3077 dici
361 3018 481 3096 potest.

241 3113 331 3178 Idem
360 3113 434 3176 aliis
464 3112 560 3174 etiarn
589 3110 630 3175 de
661 3112 1020 3191 causiscontenderim
1045 3116 1107 3182 'de
1147 3136 1244 3184 ora·

156 3213 265 3276 tione
294 3218 441 3276 contra
465 3209 805 3295 Dionysodorum.
850 3215 896 3278 lbi
920 3218 1003 3280 enim
1025 3218 1058 3280 in
1080 3217 1146 3283 line
1169 3238 1243 3285 ora-

153 3313 251 3376 tionis
275 3312 356 3374 haec
378 3310 545 3391 leguntur:
564 3309 651 3393 Ἐγώ
672 3315 729 3394 μὲν
752 3302 824 3400 οὖν,
847 3313 960 3402 οἵαπερ
983 3313 1052 3392 οἶός
1072 3315 1104 3380 τ’
1130 3306 1182 3397 ἦν,
1198 3325 1244 3385 at-

152 3435 251 3497 ρηκα,
296 3409 375 3488 ἀξιῶ
405 3411 439 3474 δὲ
467 3414 522 3474 καὶ
552 3415 616 3477 τῶν
648 3417 751 3500 φίλων
772 3418 833 3495 μοι’
851 3439 924 3478 τινα
945 3427 1114 3482 συνειπεῖν.
1138 3420 1243 3503 δεῦρο,

152 3508 369 3591 Δημόσθενες.
415 3510 572 3578 Audimus
594 3515 692 3598 igitur
714 3515 765 3578 hic
789 3521 863 3597 post
885 3514 1019 3581 Darium
1040 3516 1244 3587 Demosthe·

151 3631 224 3675 nem
247 3612 351 3695 ipsum
374 3613 534 3696 prodiisse
557 3624 591 3680 et
606 3637 662 3701 pro
680 3615 781 3680 Dario
800 3615 936 3680 locutum
950 3636 1040 3682 esse.
1065 3621 1112 3683 At
1125 3620 1157 3685 si
1171 3622 1243 3707 ipse

154 3713 330 3777 orationem
354 3715 384 3776 ei
407 3715 598 3800 scripserat,
621 3716 696 3802 quid
718 3716 793 3781 novi
814 3722 943 3800 poterat
965 3713 1143 3803 proferre?
1166 3722 1243 3789 etsi

150 3814 273 3898 potuit,
295 3832 351 3876 cur
372 3813 403 3877 id
426 3835 490 3881 non
511 3817 544 3880 in
565 3810 638 3902 ipsa
659 3817 715 3881 illa
737 3817 882 3881 oratione
904 3812 1084 3885 attulerat?
1108 3821 1244 3889 Becke-

152 3935 207 3980 rus
230 3913 361 4017 quidem
379 3917 409 3979 in
433 3917 501 3980 libr.
523 3917 575 3982 all.
598 3939 630 4002 p.
651 3916 743 3982 456.
778 3919 958 3983 exclamat:
987 3921 1161 4015 ',‚Welch’
1193 3925 1244 3991 ein

153 4016 279 4082 reicher
303 4011 412 4082 Geist!
456 4018 596 4084 Scheint
618 4038 656 4084 es
679 4017 761 4085 doch
785 4019 950 4100 wirklich,
984 4020 1033 4086 als
1056 4023 1097 4088 ob
1120 4022 1246 4097 Darius
