2564 4508
555 213 715 275 -tu
794 247 859 287 -·,

174 387 177 391 '
241 377 365 459 Quibus
385 382 419 449 iu
440 381 523 447 lucis
543 383 572 445 si
593 398 716 445 mauu·
736 379 830 458 lueis,
850 396 891 444 eo
913 379 1017 445 minus
1039 380 1072 445 irr
1095 380 1248 447 oratioue

158 475 202 542 ad
215 475 425 548 Damania-um
448 483 570 569 scripta
592 480 764 566 dubitubis,
785 481 859 565 quiu
882 479 943 545 bae
965 499 1092 567 queque
1112 479 1146 547 iu
1169 500 1249 547 ura·

160 577 249 645 tione
276 583 397 650 multae
422 584 610 649 sententiae
635 582 676 647 ab
703 580 777 645 aliis
805 581 872 645 sint
898 580 1098 667 adscriptae.
1150 578 1248 661 Quae

158 697 230 745 uum
255 680 302 747 ita
331 685 416 766 sint,
441 702 548 768 nuque
576 683 684 748 hiatus
715 681 749 746 iu
776 680 858 747 loeis
885 700 985 766 supra
1012 702 1054 747 ex
1081 682 1142 747 bau
1163 690 1247 749 urat.

159 780 269 847 allutis
296 785 462 851 offendent
489 803 597 869 neque
624 782 751 848 omniuo
786 782 820 847 iu
847 782 985 866 siugulis
1014 783 1111 849 larile
1144 782 1251 870 diues,

160 886 264 947 utrum
286 884 353 950 siut
372 885 554 970 corrigendi
570 903 614 949 au
635 880 809 949 retinendi.
849 879 890 949 Si
911 879 958 971 3,
976 882 1014 950 7.
1040 879 1250 966 ‹iteriyeaaa‘ec

159 980 279 1065 legitur
302 987 356 1051 vel
378 982 419 1072 6,
442 984 505 1051 111.
527 986 560 1049 δὲ
582 981 670 1095 cippi.
695 982 738 1062 8,
761 980 824 1048 34.
850 983 885 1048 (ii
904 979 994 1064 ἡμῶν
1020 992 1057 1051 et
1087 982 1158 1072 13,
1178 979 1249 1051 48.

160 1082 195 1146 δὲ
225 1079 275 1148 ὅτι
303 1086 358 1152 vel
381 1086 424 1175 7,
456 1084 519 1152 24.
545 1082 624 1168 μήτε
649 1084 781 1168 ἄπειρος
806 1084 862 1151 vel
892 1081 918 1149 11
925 1130 936 1170 ,
962 1083 1025 1151 33.
1054 1081 1117 1151 ὑπὸ
1146 1090 1250 1165 οἴνου,

67 1226 70 1231 -
160 1181 243 1249 baec
264 1187 393 1271 quidem
421 1186 615 1273 corrigenda
642 1205 721 1253 esse
747 1183 916 1273 videratur,
958 1193 1134 1273 prepterea
1162 1185 1249 1272 quud

161 1283 306 1368 plurimis
333 1287 367 1354 in
394 1288 503 1376 lucis,
545 1307 627 1372 qrrus
653 1288 695 1353 ab
722 1287 797 1353 aliis
824 1286 956 1353 additus
976 1304 1056 1355 usse
1078 1287 1249 1373 probabile

161 1391 231 1472 est,
263 1393 371 1453 tumen
398 1388 519 1456 bialum
548 1389 705 1455 evitatura
736 1406 813 1452 esse
840 1387 997 1453 videmus.
1038 1384 1079 1453 Si
1107 1386 1154 1470 4,
1188 1388 1250 1453 11.

160 1488 319 1552 uunerlsr·
333 1490 389 1568 ζῆν
409 1514 446 1555 σε
474 1487 578 1574 ὥσπερ
603 1488 747 1579 legitur,
789 1487 822 1552 id
852 1507 923 1552 uum
952 1489 1039 1571 Aug.
1066 1495 1101 1555 et
1129 1486 1205 1554 Cur.
1229 1508 1252 1555 e

162 1583 265 1653 Curld.
289 1589 394 1655 δεῖσε
418 1592 474 1670 ζῇν
494 1586 600 1674 ὥσπερ
620 1590 721 1654 scribi
744 1590 874 1675 poterit.
917 1588 986 1655 seu
1021 1588 1088 1667 111,
1117 1586 1178 1655 36.
1206 1588 1252 1655 τὰ

163 1690 292 1753 ἐκείνων
312 1710 377 1757 nun
398 1691 608 1773 tentaverim,
630 1691 704 1776 quia
725 1691 816 1755 lucus
839 1691 966 1755 omnino
987 1698 1041 1754 est
1062 1696 1251 1775 suspectus,

162 1806 269 1874 neque
291 1786 337 1877 9,
359 1791 423 1857 35.
449 1789 493 1857 τὰ
514 1791 651 1878 ἑαυτοῦ,
679 1789 764 1876 quud
786 1810 805 1856 e
829 1790 907 1856 eod.
928 1788 1024 1855 boul.
1047 1799 1083 1857 et
1103 1791 1188 1875 Arrg.
1210 1789 1251 1858 S.

158 1889 225 1972 jam
248 1909 269 1955 a
291 1891 422 1977 Langia
439 1901 474 1958 et
496 1889 570 1957 Cur.
592 1900 646 1958 est
667 1899 833 1977 receptum
855 1911 914 1977 pru
944 1892 1146 1977 antiquorum
1180 1892 1252 1959 libr.

164 1986 242 2077 ὑπὲρ
262 1991 326 2057 τῶν
347 1990 451 2058 αὑτοῦ
473 2012 579 2078 tueque
610 1992 677 2073 11,
699 1991 767 2057 411.
793 1997 839 2077 τῷ
860 1990 1170 2075 percurrentium
1192 2013 1252 2079 pru

161 2091 295 2176 vulgato
317 2091 355 2159 τὸ
376 2096 434 2175 μὲν
454 2091 550 2174 σῶμα
570 2090 653 2158 εἶναι
682 2112 727 2159 ex
754 2094 865 2160 Urbiir.
894 2101 1058 2179 receptum
1085 2092 1253 2179 improba·

162 2194 277 2259 verim.
319 2194 358 2259 ln
380 2194 454 2259 aliis
476 2193 556 2259 lueis
577 2198 623 2260 uti
648 2192 715 2275 11,
737 2192 803 2259 41.
838 2194 891 2261 ubi
914 2191 964 2259 ὅτι
985 2191 1028 2259 civ
1055 2199 1091 2259 et
1118 2192 1164 2283 5,
1190 2184 1267 2261 18.Ι

162 2294 216 2359 ubi
236 2317 268 2358 τι
289 2291 426 2376 ἀγαθὸν
446 2295 583 2384 legitur,
600 2340 604 2347 -
622 2298 749 2362 omuino
771 2316 835 2361 rruu
856 2292 1003 2361 offendes
1023 2314 1131 2381 neque
1151 2298 1252 2363 etiam

166 2392 236 2481 10,
259 2393 320 2461 37.
343 2396 395 2461 ubi
416 2397 571 2480 scripturn
590 2404 644 2463 est
664 2400 721 2463 aul
743 2393 862 2481 αὐτὸς,
884 2397 941 2462 vel
962 2393 1006 2480 3,
1028 2392 1066 2460 3.
1093 2396 1146 2461 ubi
1167 2402 1251 2463 tue-

162 2498 288 2581 νορθοῖ,
315 2493 388 2561 ὅσοι
417 2496 544 2580 legitur.
600 2497 674 2562 lluu
705 2498 806 2565 etium
833 2497 961 2563 referas
985 2495 1026 2574 3,
1059 2491 1095 2560 9.
1127 2495 1252 2580 lyciae,

161 2594 401 2676 (1112411.
428 2598 792 2687 aaraprbppwepaba,
819 2595 917 2664 ἀλλὰ.
946 2592 987 2678 9,
1007 2593 1069 2663 34.
1098 2595 1252 2678 δόξαντα.

167 2699 273 2782 Hyori.
1126 2742 1129 2747 -

246 2797 286 2863 lu
308 2801 456 2867 oratione
476 2802 510 2867 iu
529 2799 762 2888 Sophistus
778 2819 885 2888 neque
907 2796 1007 2886 293,
1029 2798 1090 2864 13.
1110 2806 1145 2866 et
1159 2798 1253 2889 3911,

164 2895 227 2963 at.
251 2899 286 2964 iu
309 2900 392 2965 πολὺ
412 2899 455 2966 ἂν
484 2921 591 2988 neque
619 2899 722 2989 aba,
753 2898 811 2967 13.
839 2903 873 2966 iu
901 2888 939 2964 εὖ
963 2897 1045 2980 οἶδ’,
1073 2903 1160 2988 quud
1186 2920 1251 2969 ex·

163 2999 243 3066 Urb.
270 3006 305 3066 et
336 3000 441 3067 Vatia.
480 3022 537 3088 pro
569 3004 654 3088 vulg.
687 3001 750 3068 ocii
790 3007 844 3068 est
873 3009 1059 3089 receptum,
1093 2990 1254 3089 offendes,

163 3119 353 3186 quamquam
371 3103 404 3167 iu
423 3104 510 3169 nullo
528 3103 591 3169 aliu
614 3104 772 3169 isocratis
797 3103 869 3169 luco
892 3100 1048 3187 ejusmodi
1067 3103 1180 3171 biatus
1195 3122 1251 3171 re·

163 3202 320 3286 periatur.
363 3204 477 3271 Facile
496 3206 581 3271 enim
601 3205 686 3271 baeu
705 3203 768 3270 duo
787 3204 890 3271 uerba
910 3205 944 3269 iu
958 3205 1198 3290 pronuntiando
1217 3208 1251 3273 iu

164 3322 259 3368 uuum
279 3305 515 3372 coalescebaut.
1190 3338 1193 3343 ·

247 3401 375 3471 Eodem
395 3405 490 3473 modo
510 3406 543 3471 in
565 3405 753 3472 Helenae
776 3406 1045 3473 Laudatione
1068 3404 1162 3490 217,
1183 3404 1250 3475 47.

164 3503 198 3569 iu
218 3500 262 3585 μὴ
284 3502 324 3569 οὐ
345 3525 410 3571 uun
432 3506 602 3583 offendes,
645 3526 729 3592 quae
758 3526 818 3593 per
846 3508 1018 3593 syniuesiu
1039 3526 1062 3572 a
1080 3510 1252 3577 veteribus

162 3604 265 3672 luisse
286 3607 493 3691 pronuntiata
514 3616 653 3672 constat.
694 3608 732 3673 ln
755 3608 859 3694 Supb.
881 3605 973 3692 aba,
995 3605 1033 3673 6.
1055 3610 1252 3677 tameuvul-

164 3713 275 3792 gutum
303 3706 347 3790 μὴ
376 3706 416 3773 οὐ
442 3710 476 3773 in
505 3708 549 3791 μὴ
580 3712 633 3774 est
660 3716 824 3775 mutatum.
880 3706 1114 3794 corrigendum
1143 3716 1251 3777 auten

165 3828 243 3875 esse
263 3827 385 3874 censeo
407 3805 503 3885 2119,
526 3807 563 3873 8.
594 3812 682 3873 ἔστιν
703 3807 722 3875 ὁ
744 3812 809 3874 τῶν
830 3808 1060 3887 πτωχευόντων
1080 3800 1138 3876 arari
1168 3834 1251 3899 ‹puu-

164 3906 290 3991 γόντων
314 3909 387 3991 βίος
414 3908 590 3993 ζηλώτερος
622 3907 642 3986 ἢ
671 3908 689 3973 ὁ
717 3912 784 3975 τῶν
817 3908 924 3975 ἄλλων
957 3908 1155 3994 ἀνθρώπων.
1206 3910 1258 3979 111

164 4010 249 4076 enim
280 4008 365 4075 alter
393 4009 450 4075 ille
479 4009 636 4075 articulus
665 4017 740 4097 pust
767 4009 788 4088 ἢ
815 4010 975 4078 delendus
1003 4029 1082 4077 esse
1109 4010 1253 4079 videtur.

165 4110 241 4177 viu
261 4109 375 4178 Antii.
400 4107 499 4193 819,
519 4109 586 4177 45.
611 4110 733 4197 ’τρόποι
752 4114 818 4178 τῶν
838 4109 946 4195 λόγων
965 4114 1049 4179 eluir
1069 4109 1137 4179 aba
1158 4108 1263 4185 lh'e·
