2564 4508
64 294 190 363 eiskius
210 310 232 361 e
251 292 335 376 conj.
355 289 519 375 Stephani
540 289 658 374 dedier,
684 291 751 370 ,τῆς
771 292 806 358 δὲ
832 289 1016 374 συγκλήτου
1041 292 1122 378 057.

64 420 109 463 ιτι
130 391 189 469 τὸν
208 389 330 479 χρόνον
350 395 454 474 ἐκείνη
475 387 612 468 ἀνείσης.
659 390 770 476 Vulgo·
785 392 934 460 scribunt
947 399 1124 481 prutxnlop

64 500 160 575 strar,
182 492 268 580 ‹pnod
290 493 445 575 retineas.
489 488 640 576 Scriptor
661 486 746 557 enim
762 491 830 565 hoc
851 496 938 560 vulta
961 501 1124 580 tempus
1187 520 1190 525 ·

66 597 147 661 iius
177 594 201 660 i.
223 614 254 660 e.
285 611 347 677 quo
373 592 430 658 illa
450 595 522 657 viro
544 592 667 659 nnhere
689 612 753 658 non
774 593 927 660 debebat
970 591 1009 659 O.
1033 595 1126 662 LIV.

64 695 124 764 41.
147 715 177 761 c.
199 702 257 761 νέα
274 681 352 769 Ἶσις
367 692 479 783 [vulg.
496 687 595 781 Ἶσις)
628 698 682 759 est
708 693 821 769 titulus
849 710 913 761 non
941 696 1125 765 mutandus.

64 800 162 863 ,LX
187 792 277 860 943.
298 795 320 859 s.
345 792 469 860 Coraes
490 788 533 859 de
554 813 614 859 suo
636 793 744 860 dedit:
768 797 941 880 Πείσαυρα
960 798 1030 882 μὲν,
1048 794 1122 865 Ἀν-

64 902 149 965 ννίον
171 895 281 979 πόλις,
302 896 482 980 κληρουχίᾳ
503 891 662 977 ᾠκισμένη
683 892 773 981 παρόν
794 893 852 961 τὸν
869 892 1002 981 Ἀδρίαν
1007 942 1017 978 ,
1049 890 1123 965 cum

64 999 130 1082 rigo
151 999 331 1080 κληρουχία
351 994 517 1078 legeretur
538 1000 574 1060 et
595 1003 671 1080 post
692 993 726 1061 id
747 996 880 1067 verbum
895 997 1123 1085 ¹interpunge-

64 1105 131 1165 λοι.
173 1094 331 1161 Reiskins
352 1097 438 1162 enim
456 1096 525 1177 J'am
546 1095 579 1160 in
599 1095 664 1163 illis
684 1095 810 1163 duobus
839 1097 1049 1173 nominativis
1074 1099 1123 1167 ot-

64 1198 174 1266 udeus
194 1196 419 1283 quaesiverat:
441 1215 515 1260 nunu
536 1192 585 1260 ὑπ’
607 1193 781 1262 Ἀντωνίου
801 1193 894 1274 πόλις
913 1199 964 1269 ant
983 1201 1125 1285 κληρου-

64 1306 89 1384 ’ρι
109 1288 296 1383 ᾠκισμένηλ
319 1298 365 1361 At
385 1295 588 1368 Schaeserns
608 1297 774 1381 vulgatum
796 1298 879 1364 bene
898 1298 947 1365 ita
967 1299 1122 1383 defendit,

64 1450 66 1483 5
86 1401 135 1466 sit
155 1399 283 1464 colonia
303 1398 387 1483 ipsa,
408 1402 567 1484 affertque
588 1397 632 1464 ad
652 1397 737 1463 hunc
758 1417 851 1463 usum
871 1398 1123 1467 confirmandum

65 1501 133 1567 iod.
155 1500 226 1568 Sic
247 1503 330 1578 XV,
354 1496 418 1564 29.
448 1504 532 1564 extr.
576 1497 700 1579 Quodsi
727 1499 846 1582 legitur
873 1504 909 1564 et
937 1507 1013 1586 post
1040 1504 1123 1580 κλη-

64 1605 151 1679 ιυχία
172 1600 428 1684 interpungitur,
455 1599 565 1665 hiatus
592 1617 657 1665 non
686 1599 828 1665 offendit.
871 1597 1122 1667 uxv11.947.

87 1702 123 1767 in
150 1700 281 1775 verbis:
325 1697 501 1784 παρελθὼν
527 1699 562 1762 dd
588 1700 688 1779 μόνος
722 1704 768 1776 εἰς
788 1695 920 1786 πρῶραν
939 1696 995 1787 ἐφ’
1020 1698 1124 1769 αὑτοῦ

64 1799 182 1880 υὶθητο
200 1799 306 1882 cremo}
327 1808 400 1875 ταῖς
418 1802 529 1886 χερσὶν
549 1796 752 1889 ἀμφοτέραις
771 1797 923 1882 ἐχόμενος
943 1802 1000 1880 τῆς
1019 1823 1123 1890 πόρναι,

64 1906 90 1981 λς
111 1900 320 1968 Plutarchum
352 1896 505 1978 πάθηθ’
537 1896 595 1988 dp
625 1897 729 1965 αὐτον
758 1901 935 1986 scripsisse
964 1903 1123 1987 suspicor.

64 2005 280 2071 ‚uxxvun
304 1997 394 2065 952
416 2021 446 2066 c.
466 2001 500 2065 in
522 2001 654 2067 verhisz
685 2006 831 2084 ἐγίνοντο
852 2002 887 2067 δὲ
908 1998 1001 2082 λόγοι
1020 2007 1056 2069 ἐν
1076 2004 1123 2084 τῷ

64 2100 200 2186 νήματι,
246 2074 488 2185 προσελθόντος
506 2100 630 2182 ἔξωθεν
650 2099 753 2167 αὐτοῦ
774 2097 862 2166 κατὰ
882 2096 993 2186 θύρας
1019 2104 1125 2173 ἐπιπέ·Ι

64 2229 126 2285 ing,
145 2202 333 2269 Reiskius
319 2221 394 2286 pure
415 2201 581 2269 offendit
571 2223 607 2269 rn
631 2203 943 2289 praepositionem.
916 2201 1125 2280 oh'orihus

64 2308 117 2373 rim
138 2302 278 2371 aedificii
300 2323 364 2368 non
385 2305 522 2389 apertis,
542 2305 589 2368 nti
611 2321 630 2367 e
653 2319 724 2386 cop.
746 2304 899 2367 LXXIX
921 2308 1024 2389 putet,
1045 2321 1124 2388 quo·

64 2406 127 2473 odo
149 2421 319 2471 sermones
340 2404 373 2468 iu
395 2404 543 2472 aedificio
565 2407 717 2489 poterant
738 2400 852 2467 haberi
873 2418 944 2467 cum
965 2421 1025 2477 eo,
1069 2403 1124 2487 qui

64 2512 150 2573 rstea
180 2503 319 2590 deniqne
353 2505 492 2570 admotis
526 2504 627 2570 scalis
654 2522 712 2590 per
750 2503 931 2573 fenestram
960 2490 1124 2568 intravit?

64 2609 158 2674 eleas
178 2607 311 2703 igitur&
312 2630 331 2670 ν
352 2611 386 2670 et
408 2602 558 2685 οἰκήματι
581 2608 760 2690 conjungas
781 2623 851 2669 cum
860 2598 1125 2688 προσελθόντος

64 2708 191 2776 eiskius
212 2697 322 2771 autu
288 2705 514 2771 stutendum
536 2712 593 2770 aut
614 2711 647 2771 οἱ
667 2703 761 2787 λόγοι
781 2701 861 2791 πρὸς
890 2700 992 2781 αὐτην
1020 2691 1124 2767 οὖσαν
1157 2702 1162 2707 ’

86 2810 133 2892 τῷ
156 2804 307 2885 οἰκήματι
329 2805 532 2872 scribendum
555 2824 632 2872 esse
653 2812 779 2871 censet.

114 2910 156 2975 In
178 2909 247 2975 vita
268 2907 429 2973 Demetrii
449 2907 547 2991 igitur
568 2926 610 2973 ne
639 2926 720 2973 unus
748 2905 877 2993 quidem
904 2905 1038 2989 gravior
1071 2911 1124 2971 est

66 3016 166 3087 atus,
208 3009 242 3072 in
271 3028 332 3093 qno
360 3007 520 3073 vocalium
549 3026 726 3073 concursus
747 3026 813 3072 nun
833 3006 941 3093 possit
959 3007 1124 3087 excusari,

66 3112 97 3195 si
118 3110 184 3175 hnc
204 3109 307 3174 iocum
330 3127 356 3171 c.
378 3111 467 3173 XIX
491 3109 641 3190 reseraS,
685 3125 778 3192 quem
800 3105 1025 3189 corrigendum
1046 3124 1125 3172 esso

64 3212 117 3277 dit
139 3209 350 3275 Schueterns.
394 3206 464 3272 Sed
486 3210 518 3273 in
541 3209 612 3274 vita
634 3207 769 3292 Antonii
790 3225 833 3272 ex
856 3207 994 3293 quinque
1024 3206 1125 3282 hiati-‚

64 3332 93 3376 rs
116 3309 180 3374 duo
202 3308 345 3374 codIcum
366 3309 560 3374 anctoritate
582 3315 677 3375 erant
703 3307 853 3387 tollendi,
894 3327 928 3375 v.
949 3327 977 3373 c.
992 3311 1125 3383 XXXI.

64 3416 117 3492 X„
141 3417 175 3476 et
196 3430 279 3474 unns
301 3410 374 3474 aliis
396 3410 438 3474 de
460 3411 580 3487 causis,
604 3429 636 3476 v.
660 3428 686 3474 o.
709 3394 909 3486 Lxxvul„
931 3414 967 3483 et
987 3408 1022 3472 in
1042 3407 1126 3473 duo-

64 3530 93 3577 rs
124 3531 154 3575 e.
184 3513 243 3575 Vl.
272 3517 307 3575 ct
333 3514 469 3574 uxvu.
502 3511 592 3574 sotus
621 3509 731 3587 hiatus
759 3509 929 3574 offensioni
954 3517 1035 3575 erat.
1086 3509 1126 3573 ln

64 3611 274 3698 imparatione
296 3611 402 3690 nuilus
425 3612 650 3695 reperiebatur
670 3609 802 3692 gravior
824 3609 942 3675 hiatus.

117 3712 157 3777 ln
182 3712 250 3776 vita
271 3711 420 3776 Dionis
438 3731 466 3776 e.
490 3716 532 3776 11.
555 3707 646 3775 958.
664 3708 697 3774 d.
719 3709 753 3774 in
776 3709 904 3785 verbisr
941 3706 991 3774 Αἱ
1012 3708 1046 3772 δὲ
1066 3704 1126 3772 τό-

64 3837 90 3879 a
111 3820 182 3889 τοῖς
203 3808 420 3892 συμπτώμασι
440 3805 566 3892 μᾶλλον
587 3807 607 3887 ἢ
628 3821 699 3885 ταῖς
719 3815 941 3894 προαιρέσεσιν
963 3795 1060 3872 οὖσαν
1089 3810 1127 3872 αι’

64 3912 134 3979 irat
155 3908 335 3993 συνάγουσι
356 3913 420 3977 τῶν
440 3908 567 3997 ἀνδρῶν
594 3907 670 3986 τοὺς
695 3909 788 3993 βίους
817 3914 861 3984 εἰς
892 3902 1077 3989 ὁμοιότητα.
1106 3925 1128 3972 a

64 4014 178 4081 trariis
199 4000 297 4077 οὖσαι
317 4012 361 4077 ud
389 4015 427 4075 αἱ
452 4006 551 4077 αὑταὶ
579 4009 724 4077 additum
752 4027 831 4076 esse
858 4008 1001 4086 videtur,
1044 4005 1130 4093 quod

891 4107 933 4179 λθ
