2564 4508
146 413 279 484 secutus
298 416 352 476 est
372 408 608 492 Quintilianus,
634 409 676 477 de
701 409 756 475 illo
775 407 968 494 scriptorum
990 425 1051 472 usu
1074 405 1250 493 disputet,

144 509 261 594 Pergit
280 513 364 576 enim
384 511 419 577 in
437 512 510 578 loco
529 528 630 596 supra
646 510 745 576 allato
764 509 829 575 ite:
850 505 969 594 „Quod
988 506 1115 593 quidem
1131 508 1236 573 lutirm
1256 558 1269 581 ,-

145 610 257 693 lingua
274 613 511 699 sicolrservut,
531 630 624 678 nemo
644 617 680 677 nt
699 617 764 676 lam
784 611 927 675 rusticus
944 609 1004 689 sit,
1025 608 1082 696 qni
1097 608 1234 674 vocales

146 712 227 776 nolit
243 713 446 798 conjungere.
477 713 517 779 ln
529 732 590 798 quo
606 712 734 799 quidem
748 711 846 777 etiam
860 710 1104 795 Theopompum
1115 727 1235 795 repre·

146 811 307 892 hendunt,
335 813 420 898 qnod
447 832 506 880 eos
528 815 641 880 literas
661 818 752 878 tanto
771 829 870 896 opere
892 810 1029 894 fugerit,
1059 809 1125 874 etsi
1146 809 1234 875 idem
1265 806 1269 835 ³

146 913 305 995 magister
319 917 391 998 ejus
407 914 585 981 isocrates.
627 913 675 980 nt
693 930 759 976 non
778 909 1005 990 Thucydides:
1028 928 1072 975 ne
1086 909 1143 975 ille
1162 909 1235 996 qui·

147 1011 222 1078 dem
245 1012 330 1078 haud
352 1015 460 1100 paullo
476 1018 579 1101 major
602 1013 745 1098 scriptor
769 1011 881 1077 Plato:
924 1029 987 1077 nec
1005 1009 1108 1076 solnm
1128 1008 1162 1075 in
1175 1009 1235 1075 ‘his

146 1114 366 1195 sermonibus,
387 1115 440 1202 qui
452 1115 573 1200 dialogi
589 1114 754 1202 dicuntur,
776 1111 830 1176 ubi
847 1112 945 1179 etium
959 1114 1001 1178 de
1019 1109 1180 1207 industrie
1199 1110 1234 1177 id
1273 1170 1276 1177 .

148 1212 328 1280 iaciendum
355 1215 438 1291 luit,
468 1215 529 1282 sed
558 1217 590 1281 in
620 1215 767 1303 populari
787 1212 958 1302 oratione,
984 1232 1047 1299 qua
1077 1232 1150 1279 mos
1181 1218 1237 1279 est

147 1294 290 1382 Athenis
303 1315 426 1382 laudari
446 1317 649 1383 inconcione
668 1333 743 1394 eos,
766 1313 820 1401 qui
837 1314 907 1379 sint
926 1314 959 1379 in
978 1313 1112 1400 praeliis
1129 1312 1239 1379 inter·

147 1416 245 1482 fectis
267 1417 410 1503 quaesic
424 1417 561 1502 probato
573 1424 642 1490 est,
664 1423 699 1482 ut
714 1434 787 1482 eam
801 1417 993 1502 quotannis,
1014 1415 1151 1500 oiseis,
1176 1414 1235 1480 illo

148 1515 203 1584 die
218 1518 348 1583 recitari
364 1536 505 1584 necesse
517 1519 572 1583 sit.
616 1518 655 1584 ln
676 1536 717 1583 ea
737 1523 791 1583 est
804 1517 920 1583 crebra
935 1517 1001 1581 ista
1017 1535 1133 1582 vocum
1154 1533 1238 1582 con-

148 1618 275 1699 cursio,
304 1635 399 1705 quam
427 1637 543 1704 magno
567 1637 612 1685 ex
636 1624 732 1706 porte
760 1623 795 1682 ut
823 1617 976 1684 villosam
1004 1616 1087 1702 sugit
1108 1615 1240 1683 Demo-

149 1717 319 1785 sthenesffl

234 1818 405 1904 intelliges
417 1818 515 1903 igitur
522 1821 591 1903 jam
606 1839 648 1886 ex
663 1821 714 1895 iis,
725 1839 810 1908 quae
822 1825 857 1885 et
865 1817 1053 1886 Demetrius
1067 1825 1103 1884 et
1118 1814 1239 1885 Cicero

150 1925 186 1984 el
201 1921 255 2004 qui
271 1926 413 1986 comest
429 1927 561 1986 secutus
576 1919 793 2005 Quintilianus
807 1922 829 1986 l.
841 1921 894 1986 all.
908 1912 1036 1998 docent,
1057 1919 1242 1985 Isocratem

149 2019 296 2104 inprimis
311 2030 478 2087 auctorem
492 2019 587 2104 hujus
609 2023 805 2089 artificiosae
824 2020 1067 2107 compositionis
1085 2021 1242 2089 exstitis-

150 2138 201 2186 se.
244 2119 401 2203 Quoniam
419 2128 526 2187 tamen
546 2130 639 2199 sunt,
660 2124 775 2210 quibus
793 2142 896 2209 pauca
918 2122 1066 2210 quumvis
1088 2121 1242 2188 luculen-

149 2219 277 2287 tissimo
290 2222 474 2288 testimonia
486 2242 552 2289 non
567 2224 747 2312 sufficiant,
766 2223 885 2291 addam
900 2224 965 2289 alia
983 2222 1082 2289 etiem
1096 2240 1140 2287 ex
1162 2222 1242 2289 aliis

149 2321 362 2406 scriptoribus
388 2324 508 2408 petita:
533 2326 634 2390 veluti
660 2325 845 2412 Dionysius
874 2324 1184 2390 Halicarnassensis
1207 2324 1242 2391 iu

149 2421 223 2485 libri
238 2442 337 2508 supra
351 2425 504 2490 nominati
518 2444 591 2510 cup.
605 2426 731 2492 xxlll.
750 2426 834 2491 hoec
851 2425 893 2498 de
907 2424 1141 2510 Areopagitica
1163 2421 1243 2490 lso-

151 2522 252 2588 eretis
267 2524 415 2589 oratione
427 2525 577 2611 scripsit:
594 2533 785 2613 φωνηέντων
804 2526 862 2606 μίν
878 2522 943 2609 γὰρ
962 2522 1155 2590 ἀντιτυπίαν
1176 2522 1241 2589 οὐκ
1270 2542 1278 2555 ·

151 2621 193 2688 ἄν
209 2647 257 2699 τις
269 2622 422 2707 οὐδεμίαν
435 2620 533 2707 εὕροι,
545 2631 580 2692 ἐν
591 2629 671 2710 γοῦν
682 2624 733 2703 οἷς
743 2625 932 2713 παρεθέμην
942 2621 1111 2709 ἀριθμοῖς,
1128 2629 1244 2701 οἴομαι

151 2723 181 2789 ‹l’
201 2721 276 2789 οὐδ’
294 2732 329 2790 ἐν
342 2721 409 2808 ὅλοι
422 2727 470 2810 τῷ
484 2725 572 2813 λόγῳ
580 2775 589 2808 ,
610 2726 692 2807 πλήν
704 2735 739 2794 εἴ
745 2731 781 2792 τί
789 2751 829 2808 με
843 2727 1055 2804 διαλέληθεν,
1078 2730 1113 2789 el
1128 2724 1163 2788 in
1181 2725 1245 2807 ju-

152 2823 236 2890 dicio
253 2824 294 2890 de
311 2825 459 2893 Isocrate
473 2848 545 2915 cap.
562 2830 604 2894 ΙΙ.
620 2832 653 2895 in
672 2831 875 2895 universum:
901 2829 966 2892 τῶν
988 2849 1023 2891 τε
1041 2821 1106 2910 γίιρ
1128 2848 1245 2912 φωνη-

152 2932 249 2990 έντων
262 2923 321 3001 τὰς
332 2925 556 3010 παραλλήλους
571 2918 697 3008 θέσεις,
718 2925 761 3004 uic
773 2926 914 3005 λυοόσας
932 2924 991 3004 τολς
1003 2925 1161 3012 ἁρμονίαις
1176 2928 1245 2997 τῶν

150 3023 239 3103 ἤχων
247 3027 304 3090 καὶ
316 3024 374 3105 τήν
390 3027 538 3108 λειότητα
550 3033 614 3095 τῶν
634 3027 799 3116 φθόγγων
812 3030 1049 3111 λυμαινομένας
1069 3034 1241 3114 παραιτεῖ-

151 3149 216 3191 ται.
257 3127 430 3195 Accedant
451 3150 494 3196 ex
511 3130 593 3197 libro
618 3130 660 3198 de
685 3127 873 3196 admiranda
893 3130 928 3194 vi
954 3127 1085 3195 dicendi
1110 3128 1144 3191 in
1160 3127 1247 3195 De·

152 3226 271 3293 moslh.
287 3230 388 3294 clv.
409 3231 508 3298 haec:
530 3227 574 3295 δι’
592 3229 761 3316 εὐλαβείας
778 3231 836 3311 μὲν
850 3227 1008 3311 λαμβάνει
1021 3225 1059 3295 τό
1076 3231 1245 3313 συγκροῦ-

151 3349 209 3393 σαι
228 3326 269 3392 τιλ
291 3328 462 3415 φωνήεντα
484 3333 549 3397 τῶν
569 3329 779 3414 γραμματων.
824 3329 915 3395 Idem
929 3333 1027 3397 etiem
1043 3329 1247 3397 Plutarchus

151 3428 193 3495 de
213 3430 291 3516 glor.
313 3431 508 3497 Atheniens.
544 3452 577 3518 p.
601 3429 697 3497 350.
724 3451 754 3498 e.
789 3429 922 3495 tradidit
943 3432 977 3495 in
997 3431 1129 3497 verbis:
1173 3432 1244 3507 πῶς

153 3519 212 3596 οὖν
234 3529 295 3596 οὐκ
316 3534 443 3614 ἔμελλεν
463 3531 640 3616 ἄνθρωπος
662 3533 703 3612 [ἰ.
725 3552 755 3598 e.
777 3532 961 3610 Isocrates)
989 3529 1106 3618 ψόφον
1135 3527 1247 3599 ὅπλων

152 3633 338 3718 φοβεῖσθαι
357 3635 415 3697 καὶ
431 3632 603 3727 σύρρηγμα
632 3631 804 3719 φάλαγγος
833 3627 851 3696 ὁ
879 3631 1083 3719 φοβούμενος
1113 3633 1246 3718 φωνῆεν

152 3729 310 3818 φωνήεντι
330 3735 529 3815 συγκροῦσαι
550 3736 606 3798 καὶ
627 3733 774 3817 συλλαβή
794 3730 832 3798 τό
855 3730 1016 3799 ἰσόκωλον
1043 3734 1145 3808 ἐνδεὲς
1173 3730 1247 3812 ἐξε-

152 3844 303 3915 νεγκεῑν;
347 3832 471 3914 Quibus
492 3833 597 3899 addas
619 3834 838 3919 Hermogenis
860 3835 902 3900 de
924 3835 1015 3900 ldeis
1036 3836 1127 3900 Tom.
1151 3834 1177 3897 Ι.
1213 3855 1248 3920 p.

157 3932 244 3997 111.
264 3933 339 4022 (ap.
360 3934 473 4001 Waln.
498 3935 633 4001 Rhetor.
656 3934 716 3999 ΙΙΙ.
750 3957 779 4020 p.
802 3931 905 4025 289)
928 3936 1050 4003 verba:
1078 3933 1190 3999 Koile
1210 3935 1248 4001 el

154 4036 436 4116 κεκαλλωπισμένον
463 4034 558 4123 φύσει
585 4038 643 4119 μὲν
668 4033 711 4102 τόι
737 4040 871 4120 μετρίοις
896 4029 1103 4122 μακρότερα,
1147 4041 1177 4103 εἰ
1204 4036 1246 4121 τῇ

153 4131 305 4218 συνθήκῃ
331 4134 375 4216 μή
402 4133 562 4215 ὃιεοτήκοι
591 4135 666 4220 μηδ’
698 4144 748 4215 είη
775 4133 970 4224 σόγκρουσίς
991 4161 1039 4212 τις
1065 4144 1102 4203 ἐν
1128 4136 1243 4215 αὐτοῖς
