2564 4508
492 139 768 204 -117-

83 328 179 388 σοιμι
191 302 303 383 οὐτως.
326 300 397 371 Sed
412 304 453 371 ib.
468 301 505 370 6.
517 304 645 391 corrige
659 307 693 372 δέ
710 302 807 390 ὅρκον
819 311 855 373 el
870 303 908 373 7.
922 304 966 372 τό
982 302 1087 393 ὅρκια.
1109 304 1174 372 nu-

87 410 154 476 eile
167 415 278 483 autem
291 408 380 473 leros
389 403 485 471 τάδε·
502 403 703 493 Εὐοριιοῦντι
718 408 764 474 uli
778 407 906 496 ΧΧΙΙΙ,
917 406 953 472 4.
970 413 1081 474 πίστει.
1101 407 1170 474 Ἑν.

173 507 254 596 Cup.
277 508 407 594 XXVI,
432 507 468 572 4.
497 509 601 576 verbu
623 509 742 575 Philini
769 530 790 575 u
820 510 955 597 Polybio
987 513 1174 588 offeruntur,
1277 526 1281 541 ·

93 610 125 675 in
148 611 264 697 quibus
285 610 319 675 bi
340 613 416 674 sunt
437 608 561 677 hiutusz
597 610 680 675 διότι
701 608 906 696 ὑπερέβαινον
928 617 963 675 et
983 613 1048 676 ἐπεὶ
1068 608 1174 688 ἐποιή-

94 734 201 777 σαντο.
244 708 337 792 Quor
360 708 396 773 ι’).
418 713 540 797 γραφῇ.
588 709 636 777 Οὐ
656 713 788 795 legitur,
824 730 889 776 non
915 712 1048 778 ollendit
1069 730 1175 798 neque

97 812 176 897 quod
196 811 338 890 XXVII,
363 811 396 875 1.
419 813 542 876 ταῦτα·
559 809 734 899 Ἐκχωρεῖν
755 821 811 879 aut
832 813 956 889 xXlx,
980 814 1013 876 1.
1035 815 1093 879 καί
1103 810 1177 878 ὐπὸ.

98 910 163 978 Sed
183 912 314 992 XXXI,
338 912 373 977 1.
401 914 510 979 scribe
537 912 614 993 τάχ’
639 936 698 1000 pro
718 911 809 993 τύχα
829 921 908 981 unte
934 913 976 979 ἂν
1003 920 1040 980 et
1067 914 1103 979 3.
1131 915 1175 981 ud

99 1013 211 1081 verbu:
254 1017 283 1077 ελ
308 1014 343 1078 δέ
370 1017 477 1094 μηδεὶς
498 1013 557 1102 εἰν,
584 1019 663 1098 μητέ
682 1018 752 1100 περὶ
774 1017 837 1079 τών
864 1013 940 1080 κατ’
964 1017 1069 1092 ίδίαν,
1098 1017 1177 1098 μητέ

102 1117 163 1203 περὶ
181 1116 246 1179 τών
266 1115 393 1199 κοινοῦν,
414 1114 574 1198 τολμήσαι
593 1113 684 1181 τοῦτ’
707 1120 815 1194 εἰπεῖν,
837 1116 1016 1200 ἄνθρωπος
1035 1113 1097 1181 ών·
1119 1114 1176 1181 διώ

104 1213 138 1285 τὸ
155 1213 217 1281 κᾶν
237 1212 382 1280 κατὰτὸ
404 1213 507 1301 παρὸν
529 1215 660 1301 εὐτυχῇ,
701 1214 759 1293 τήν
779 1239 816 1297 γε
836 1219 905 1300 περὶ
925 1220 985 1280 τοῦ
1004 1220 1176 1298 μέλλοντος

105 1319 207 1383 ἐλπίδα
226 1319 347 1399 μηδένα
368 1318 432 1383 τών
452 1320 530 1383 νοῦν
550 1317 690 1396 ἐχόντων
710 1315 787 1383 ποτ’·
808 1315 850 1382 ἄν
870 1315 1009 1399 εὐλόγως
1037 1316 1178 1402 βεβαιώ-

105 1412 243 1484 σασθαι·
287 1416 327 1483 οὐ
353 1417 452 1500 μόνον
478 1417 581 1497 καλὴν
601 1441 630 1483 κ.
652 1443 679 1484 τ.
701 1421 729 1484 λ.
752 1419 925 1509 verissime
947 1418 1028 1483 haee
1047 1419 1177 1485 adseri·

107 1520 164 1604 orit
182 1518 389 1604 Sebuveigb.=
432 1519 517 1600 „Sic
538 1541 582 1587 ex
603 1521 688 1605 Reg.
711 1520 749 1584 B.
769 1519 872 1586 edidit
894 1519 1036 1585 Cusuub.
1065 1526 1101 1585 et
1129 1522 1178 1586 sic

106 1634 143 1685 ex
160 1621 286 1704 ingenio
308 1621 426 1705 corrigi
442 1625 591 1705 jusserat
612 1621 768 1701 UrsinuS‚
813 1620 922 1686 deletu
943 1627 1050 1687 minen
1071 1620 1179 1707 purli-

109 1721 168 1786 eulu
186 1718 253 1786 ποτ’
280 1728 355 1807 post
375 1719 525 1800 ἐχόντων.
571 1723 686 1788 Codex
699 1723 809 1788 Vetie.
832 1741 903 1788 euru
924 1728 1003 1787 cett.
1026 1721 1121 1789 codd.
1143 1733 1179 1789 et

109 1820 169 1887 odd.
195 1823 229 1886 1.
252 1820 287 1887 2.
309 1824 344 1888 in
373 1830 529 1889 contextu
557 1824 657 1889 habet
683 1824 804 1906 μηδένα
834 1825 899 1889 τών
927 1826 1006 1890 νοῦν
1032 1820 1105 1889 ποτ’
1136 1821 1178 1890 ἄν

108 1919 231 2006 εὐλόγως
252 1921 507 2008 βεβαιώσασθαι
527 1926 647 2004 μηδένα
667 1928 732 1990 τών
754 1928 831 1991 νοῦν
851 1921 1009 2005 ἐχόντων,
1037 1925 1098 1990 sed
1120 1946 1179 2011 pro

108 2025 195 2109 priori
214 2027 292 2091 νοῦν
319 2027 354 2091 in
383 2044 482 2112 murg.
510 2026 610 2092 hahet
635 2029 703 2092 νῦν.
747 2028 886 2094 Reiskio
913 2026 1000 2092 uliud
1027 2025 1104 2112 quid
1130 2028 1179 2091 in·

108 2125 226 2193 eludere
246 2126 322 2192 visu
342 2132 396 2192 est
416 2129 483 2192 istu
504 2128 648 2192 uodieurn
670 2129 856 2213 scriptura,
898 2126 985 2192 unde
1004 2128 1180 2214 ilu‘ocrip-

107 2226 184 2294 sisse
204 2228 373 2312 Polybium
394 2229 636 2313 suspicabatur:
659 2227 789 2308 διὰτὸ,
817 2226 880 2309 κᾷν
901 2226 939 2294 τὸ
960 2226 1064 2312 παρὸν
1085 2226 1180 2294 εὐτο-

105 2329 152 2412 κῇ,
171 2325 230 2406 τήν
250 2351 288 2411 γε
308 2330 457 2412 περὶτοῦ
478 2331 649 2409 μέλλοντος
669 2331 782 2394 ἐλπίδα
802 2326 846 2411 μὴ
868 2329 934 2393 δεῖν
955 2326 1020 2393 ὐπὸ
1039 2332 1105 2395 τών
1124 2333 1184 2396 νῦν

105 2427 265 2515 παρόντων
283 2427 423 2512 εὐλόγως
442 2426 695 2512 βεβαιώσασθαι
716 2431 838 2521 μηδένα
858 2432 922 2494 τών
941 2431 1018 2495 νοῦν
1031 2429 1181 2508 ἐχόντων.

104 2529 166 2598 Sed
186 2531 231 2615 μὴ
253 2534 319 2598 δεῖν
339 2551 403 2596 nou
425 2533 508 2595 sutis
529 2528 666 2623 qurudrut
685 2549 756 2595 eum
777 2527 916 2612 εὐλόγως
936 2536 971 2595 et
987 2532 1180 2615 superfluum

106 2637 226 2701 omnino
247 2634 380 2700 verbnm
401 2633 468 2697 δεῖν
488 2630 643 2712 videtur,
684 2650 723 2696 uo
752 2650 924 2716 possumus
952 2630 1050 2696 elium
1079 2631 1181 2696 verbo

104 2734 265 2821 παρόντων
285 2753 410 2800 curere.
453 2733 569 2819 ltaque
597 2733 762 2810 fortusse,
800 2732 969 2798 levissima
996 2730 1182 2810 mutatione,

104 2839 195 2922 priori
216 2832 337 2920 μηδένα
357 2837 390 2901 in
411 2833 455 2917 μὴ
476 2832 531 2898 διὰ
551 2839 682 2913 mutulo,
702 2834 807 2898 teneri
830 2839 959 2918 poterut
977 2832 1102 2918 reliqua
1123 2851 1183 2899 eo-

103 2937 199 3004 diuunr
220 2939 401 3023 scripturn,
423 2938 485 3003 boe
507 2936 618 3001 modo:
640 2933 695 2999 δια
722 2932 860 3012 τὸ-τήν
879 2956 916 3015 με
937 2936 1006 3021 περὶ
1026 2935 1181 3016 τοῦμελ,

105 3040 212 3115 λοντος
230 3040 344 3104 ἐλπίδα
364 3037 408 3120 μὴ
430 3036 486 3102 διὰ
506 3040 569 3102 τών
590 3039 649 3101 νῦν
667 3033 744 3101 ποτ’
769 3034 811 3101 ἄν
831 3032 971 3113 εὐλόγοις
996 3033 1180 3120 βεβαιώσα-

106 3142 187 3206 σθαι
208 3141 330 3221 μηδένα
342 3141 406 3204 τών
417 3142 495 3205 νοῦν
516 3136 665 3217 ἐχόντων.
709 3136 756 3202 Et
777 3155 859 3204 suno
874 3136 916 3202 ud
927 3133 1182 3220 βεβαιώσασθαι

108 3239 160 3319 τὴν
179 3244 250 3326 περὶ
270 3242 329 3304 τοῦ
352 3243 522 3322 μέλλοντος
536 3241 649 3305 ἐλπίδα
664 3239 784 3324 requiri
797 3238 926 3305 videlur
937 3237 1057 3324 aliquid
1072 3238 1185 3321 liujus*

108 3340 185 3431 modi
205 3338 261 3405 διώ
281 3343 346 3405 τών
374 3344 431 3407 νῦν
459 3343 515 3407 vel
543 3346 580 3406 ἐκ
606 3349 662 3407 aul
688 3337 754 3407 ἀπὸ
780 3343 845 3406 τών
870 3342 965 3406 νῦν.“
1008 3341 1057 3405 lb.
1090 3338 1123 3405 9.
1150 3341 1185 3404 in

107 3444 226 3508 verbis:
246 3439 400 3516 πολλάκις
420 3445 476 3506 καί
498 3445 548 3507 ἐπὶ
568 3445 694 3508 πολλῶν
715 3445 772 3507 καὶ
793 3443 829 3507 in
850 3443 900 3506 ed.
924 3442 954 3506 l.
973 3442 1078 3524 Regg.
1095 3440 1133 3503 Β.
1144 3439 1184 3505 C.

108 3547 138 3605 et
156 3542 240 3608 Buv.
263 3543 375 3629 abest,
397 3544 500 3608 minus
521 3552 629 3628 recle,
656 3544 703 3608 uti
724 3544 801 3608 mibi
822 3541 959 3609 videtur·
1000 3541 1188 3608 Retinenda
1212 3546 1215 3551 '

110 3648 156 3707 est
183 3644 343 3730 particula
370 3646 467 3709 etium
492 3642 553 3708 ll).
576 3645 608 3708 in
630 3646 687 3708 καί
707 3645 778 3726 ἰδία
798 3643 861 3709 sed
886 3640 944 3707 12.
977 3663 1036 3728 pro
1065 3639 1185 3729 πότερα

110 3744 208 3810 scribe
230 3743 337 3830 πότερ’
362 3754 439 3810 ante
461 3744 595 3826 εὔλογον
616 3751 651 3810 el
672 3745 713 3811 ib.
734 3742 767 3809 δ’
792 3742 831 3809 οὐ
853 3763 910 3830 pro
932 3745 966 3809 δὲ
987 3742 1034 3808 οὐ.

186 3843 268 3933 Cap.
291 3845 450 3933 ΧΧΧΙΙΙ,
472 3845 508 3910 9.
531 3846 650 3911 verba:
671 3843 750 3929 πρὸς
770 3847 804 3910 δὲ
825 3842 948 3919 τοῦτοις
970 3841 1091 3927 ὀρεῖται
1103 3840 1186 3925 Ἰβη-

113 3965 156 4023 oro
174 3949 224 4012 sie
245 3953 322 4013 sunt
342 3967 384 4014 ex
406 3948 488 4013 lluv.
508 3947 598 4012 editu
619 3947 896 4013 consentientibus
909 3947 1017 4027 Regg.
1031 3944 1072 4006 A.
1089 3942 1127 4007 ll.
1146 3945 1184 4008 0.

115 4046 296 4136 „Adoptare
311 4053 448 4138 λοιπον,οι
460 4049 564 4135 iuquit
575 4048 775 4132 Schweigb„
799 4046 933 4125 ,dorsuo
948 4045 1118 4112 debueram
1131 4064 1189 4112 eo-
