2564 4508
459 157 735 223 -187..

49 326 147 393 luten
167 324 333 413 puhlicom
361 324 541 394 contulisse
570 327 745 417 pergitque
773 350 847 399 eum
874 333 955 400 nihil
982 331 1048 399 nisi
1076 341 1149 403 tre·

51 432 169 493 centus
188 425 413 493 tantummodo
435 425 606 493 drachmas
628 430 704 497 olim
726 430 823 518 idque
845 433 981 500 invitum
1003 441 1038 500 et
1065 454 1149 502 coa·

51 534 133 593 ctum
154 525 306 592 dedisse.
350 527 459 592 hlinus
481 527 713 614 etiampotest
733 533 869 618 opponi,
894 535 980 619 quod
1002 534 1149 601 Dicaeo-

52 646 155 712 gcnes
176 624 434 712 Cephisodotum
455 626 644 694 Corinthum
667 631 799 698 misisse
820 630 958 725 dicitur3
978 633 1040 700 hoc
1061 634 1147 702 euim
1190 629 1200 635 ’

53 747 106 794 cur
124 726 185 794 illo
205 727 279 793 solo
300 734 467 813 tempore,
497 747 559 813 quo
581 727 830 799 Schoemannus
860 733 991 812 voluit,
1027 735 1148 801 tactum

53 829 111 907 sit,
132 845 233 894 nemo
254 829 354 895 facile
375 827 622 895 demonstrabit.
665 829 705 895 ld
726 837 834 896 autem
857 832 941 918 quod
963 829 998 921 S.
1023 834 1082 900 ll.
1104 835 1148 903 de

54 928 243 994 calamitate
264 929 411 995 civitatis
432 935 508 1015 post
523 928 722 997 Antalcidae
744 949 858 1017 pacem
879 934 1031 1017 retertur,
1053 942 1147 1002 recte

53 1028 92 1094 de
111 1046 203 1095 anno
224 1025 317 1094 382.
340 1027 405 1094 dici
425 1035 577 1117 poterat,
620 1050 682 1118 quo
712 1031 842 1118 quidem
865 1039 1013 1120 tempore
1035 1034 1145 1102 Athe·

53 1130 187 1195 nienses
207 1128 376 1215 plerisque
402 1129 504 1195 sociis
534 1137 630 1196 erant
658 1131 780 1218 privati
813 1140 849 1199 et
878 1135 985 1200 omnia
1012 1135 1084 1201 lere
1111 1135 1147 1203 in

54 1229 240 1314 peregrinis
261 1231 360 1296 terris
381 1231 581 1309 amiserant,
601 1251 635 1297 v.
658 1230 805 1297 Boeckh.
827 1230 951 1299 Oecon.
974 1235 1037 1301 civ.
1062 1236 1088 1300 l.
1111 1246 1146 1322 p.

58 1327 152 1394 447.
170 1327 276 1394 Vides
292 1329 393 1414 igitur
401 1349 453 1397 me
465 1331 495 1395 si
507 1332 658 1418 sequeris
672 1337 849 1411 auctorem,
862 1351 966 1419 neque
974 1332 1148 1420 Olynthios

57 1429 88 1494 in
108 1426 300 1494 Corinthios
328 1446 406 1496 esse
427 1430 599 1497 mutandos
620 1450 727 1518 neque
748 1431 791 1498 de
812 1433 879 1500 alia
900 1431 1017 1501 Cnidia
1037 1455 1148 1522 pugna

58 1548 149 1616 quanr
171 1528 215 1596 de
235 1529 293 1595 illa
313 1530 484 1598 notissima
504 1550 585 1598 esse
606 1532 824 1618 cogitandum.

141 1663 266 1731 Ultima
286 1670 394 1731 antem
416 1667 539 1754 oratio,
560 1669 653 1752 cujus
674 1686 780 1733 annus
799 1666 924 1735 deliniri
945 1670 1068 1758 possit,
1094 1675 1150 1737 est

57 1783 98 1830 ex
124 1767 290 1831 sententia
319 1762 541 1832 Schoemauui
570 1763 627 1859 (v.
657 1770 698 1852 ej.
728 1768 815 1834 lsae.
845 1790 876 1854 p.
899 1765 1015 1860 354.)
1043 1772 1149 1837 oratio

61 1867 99 1932 de
120 1864 313 1953 Apollodori
342 1866 528 1934 hereditate
550 1865 679 1955 Olymp.
702 1865 799 1951 cvl,
828 1875 859 1950 4.
888 1869 1008 1936 habita.
1054 1868 1149 1951 Quod

59 1968 85 2031 si
105 1985 220 2033 verum
241 1973 311 2043 est,
343 1967 437 2033 simul
461 1966 635 2035 discrimen
657 1969 742 2056 quod
762 1969 796 2035 in
818 1968 947 2036 dicendi
965 1988 1091 2054 genere
1112 1971 1147 2034 in

61 2066 144 2135 lsaei
177 2067 377 2134 orationihus
405 2069 665 2156 deprehendisse
699 2069 777 2135 mihi
809 2068 947 2153 videor,
990 2068 1149 2154 explicari

65 2168 191 2254 poterit.
234 2167 322 2235 Sunt
342 2168 426 2236 enim
447 2169 533 2236 aliae
555 2172 721 2237 orationes
747 2170 795 2238 ita
816 2170 977 2256 scriptae,
1016 2177 1051 2234 ut
1072 2170 1149 2236 hia·

64 2275 113 2333 tus
134 2288 225 2350 raro,
248 2276 340 2336 certe
360 2270 465 2336 minus
487 2289 590 2357 saepe
613 2277 789 2358 appareat,
818 2271 992 2357 eliacim,
1020 2276 1056 2335 ut
1077 2270 1150 2336 trc-

66 2369 292 2455 quentissimns
313 2370 366 2435 sit.
411 2369 503 2452 Quod
525 2379 561 2437 ut
583 2372 703 2437 clarius
725 2371 921 2457 perspicias,
942 2368 1000 2434 tibi
1021 2388 1065 2434 ex
1077 2370 1150 2434 sin-

67 2470 203 2554 gularum
224 2472 404 2536 orationum
426 2474 537 2558 primis
565 2473 682 2557 viginti
709 2470 924 2557 paragraphis
952 2470 1061 2535 hiatus
1089 2489 1150 2536 eos

68 2571 276 2660 enumerabo,
296 2573 351 2658 qui
372 2591 434 2640 nec
455 2573 549 2639 facile
569 2572 639 2637 tolli
661 2590 770 2657 neque
792 2570 945 2636 excusari
966 2569 1105 2655 possint.

26 2692 31 2803 ἱ
140 2706 195 2771 lta
213 2707 247 2772 in
268 2711 350 2773 orat.
369 2707 397 2774 l.
420 2725 549 2792 paragr.
571 2704 648 2770 XX.
670 2703 720 2771 de
742 2699 957 2787 Cleonymi
979 2700 1148 2768 heredi-

28 2806 31 2869 i
67 2811 146 2873 tate
164 2807 228 2873 hos
248 2809 338 2875 solos
359 2809 452 2892 leges
474 2807 600 2871 hiatus:
646 2803 716 2888 35,
744 2805 779 2871 1.
800 2799 1036 2889 ἀκροασόμενοι
1065 2798 1149 2891 οὐδ’,

29 2944 32 3017 ]
72 2913 100 2971 tt
119 2904 188 2989 36,
212 2907 276 2974 1-1.
298 2915 395 2996 πατρὶ
417 2909 555 2991 ἐγκαλεῖ.

30 3026 37 3169 ἰ
142 3040 183 3107 ln
204 3046 287 3109 orat.
310 3039 355 3105 ll.
377 3041 425 3107 dc
445 3040 650 3106 Meneclis
672 3038 932 3106 hereditater
953 3034 989 3126 S.
1007 3037 1041 3103 1.
1063 3043 1151 3202 tang

79 3136 242 3190 '‘'-
326 3144 340 3156 ”
452 3138 533 3188 -‘
581 3139 638 3159 ''
741 3135 1152 3203 -ο“ἇιιίιέστὶ..

31 3250 34 3297 !
71 3141 204 3308 {ZZZ
222 3162 400 3320 οἷιῗῗῗιῖἷὲ
416 3138 963 3319 ἐιιξὶοῦαὲιῖὲιξιοῗοὲῗζπιῗζὴιεᾰοῖ
974 3161 1011 3303 Z.
1035 3236 1148 3327 τετάρ-

32 3332 35 3349 ’
72 3363 108 3422 τῳ
126 3348 188 3410 ἔτει
210 3337 511 3426 ὕστεροι-ἀδελφὴ
532 3337 815 3421 ἡμῖν-Μενεκλεῖ
831 3337 1000 3419 ἡ-ὲιιειὸὴ
1024 3328 1092 3406 οὖν.
1115 3335 1151 3402 ὅ.

33 3420 36 3465 ³
75 3440 144 3521 λέγει
162 3440 574 3526 ἑκάστοτε-πρεσβυτέρᾳ
595 3438 721 3526 ἀδελφῇ
742 3440 899 3522 anatome.
929 3438 965 3504 6.
998 3438 1093 3505 αὐτοὶ
1116 3444 1151 3503 ἐι

75 3535 170 3626 ἡλικίᾳ
188 3545 240 3609 ἐπὶ
261 3540 300 3606 τὸ
321 3538 562 3628 στρατεύεσθαι
583 3538 897 3624 ἐτραπόμεθα-του
918 3538 1001 3604 εἶναι
1022 3535 1151 3617 ἄξιοι-

76 3644 259 3727 πρεσβυτέρᾳ
284 3639 411 3728 ἀδελφῇ
438 3639 638 3729 ὄντα-ἔφη
666 3639 773 3718 αὐτὸς.
798 3639 833 3706 Θ.
855 3638 987 3706 ἱκετεύει
1008 3635 1151 3722 αὐτῷ-

35 3714 41 3785 ἶ
78 3743 209 3808 ἐκδοῦναι
231 3741 320 3824 ἄλλῳ
342 3739 459 3820 αὐτὴν.
478 3741 542 3810 10.
563 3748 736 3826 γενομένου
757 3739 884 3806 ἐσκόπει
899 3736 1077 3823 ὁ-θοὲψοι
1091 3735 1151 3802 or)-

79 3836 256 3929 rto-adpo
282 3840 496 3908 dact-ddecet
530 3841 620 3926 αὐτῷ
648 3839 787 3928 αἰσχρὸν
814 3839 897 3906 eluar
925 3839 1058 3904 ἄπαιδα.
1091 3831 1169 3900 11.’

80 3941 165 4024 ἐπειδὴ
186 3941 287 4021 οὕτως
308 3941 397 4028 αὐτῳ
419 3939 623 4034 ἡ-ὁιιοτέρῳ
645 3939 741 4024 ὑμῶν.
772 3938 831 4008 lt.
855 3938 969 4030 ἦρεμίιι
983 3941 1147 4004 ἑκείνου-
