2580 4514
575 140 734 201 „pp
800 145 851 185 ‘..

174 302 313 367 tionibus
335 301 478 389 publicis.
522 302 641 369 Hiatus
662 304 758 388 igitur
780 304 832 370 hic
860 306 988 390 qnoque
1015 322 1081 389 non
1109 302 1253 379 offendit,

173 424 266 491 quum
287 405 418 470 verbum
440 404 474 469 in
496 405 643 470 vocalem
665 404 820 471 desinens
841 413 917 491 post
938 424 1070 490 pausam
1085 406 1252 493 quandam

173 525 256 591 quae
277 505 347 571 fieri
369 504 466 570 dehet
494 504 527 568 in
554 504 713 591 loquendo
745 514 780 572 et
807 527 900 593 quam
928 507 1117 593 pierumque
1146 507 1251 579 inter-

171 609 342 693 punctione
364 604 548 690 signisrcare
569 607 728 692 solemus,
751 608 910 693 excipitur
931 626 951 673 a
972 610 1074 675 verbo
1096 626 1170 689 cum
1190 626 1249 674 vo·

172 709 235 774 caii
264 708 447 792 incipiente.
504 707 621 793 Neque
650 706 757 772 hiatus
785 707 933 788 offendit,
969 709 1045 828 quiq
1050 710 1250 775 exoritura

171 809 338 894 particulis
360 806 547 892 quibusdam
568 807 766 872 necessariis
787 830 861 887 και,
890 807 983 887 alni
964 807 1156 893 η,ὅτι,ω
1168 856 1179 889 ,
1207 806 1249 891 μὴ

171 915 207 976 et
226 910 381 974 similibus
402 909 455 973 vei
478 908 621 973 articulo.
664 908 703 973 ln
724 926 764 972 eo
786 913 894 973 tamen
917 907 1153 977 Demosthenis
1174 930 1249 976 ora-

170 1011 278 1074 tiones
299 1008 453 1074 recedunt
475 1011 516 1073 ah
537 1007 710 1082 Isocratis,
752 1007 836 1094 quod
864 1007 1008 1075 editores
1036 1029 1146 1077 earum
1168 1030 1250 1077 non-

170 1110 244 1175 dum
267 1119 331 1174 tam
353 1110 467 1175 bonum
489 1111 577 1175 nacti
598 1114 674 1175 sunt
694 1110 808 1174 librum
829 1129 924 1175 manu
952 1104 1127 1196 scriptum,
1169 1096 1270 1199 qua-⁵

169 1210 234 1277 lem
255 1211 427 1277 Bekherus
440 1210 629 1276 Urbiuatem
650 1211 786 1287 invenit,
808 1210 855 1275 ita
876 1222 909 1275 ut
931 1213 1012 1276 ratio
1035 1230 1144 1278 eorum
1166 1230 1249 1281 nunc

169 1312 241 1378 fere
263 1330 304 1379 ea
327 1313 380 1391 sit,
402 1311 733 1397 quaelsocratearum
753 1317 831 1376 ante
847 1310 1126 1378 Bekkerumerut.
1158 1310 1248 1394 Quae

170 1432 240 1478 cum
261 1412 307 1477 ita
328 1413 405 1493 sint,
426 1412 521 1478 aliam
542 1412 639 1477 etiam
661 1431 780 1498 sequar
801 1412 958 1478 rationem
972 1413 1006 1478 in
1020 1413 1248 1499 disputatione,
1269 1414 1271 1418 ’

169 1532 263 1600 quam
284 1532 317 1577 m
1142 1540 1147 1547 ¹

510 1626 673 1731 Capite
706 1628 907 1705 secundo

257 1769 298 1819 ue
321 1768 416 1817 oratu
437 1768 469 1815 m
492 1767 733 1817 Demosthenis
755 1768 902 1829 publicis
926 1744 1154 1818 orationibus

180 1864 201 1897 ,
710 1860 716 1873 .

168 1938 239 1984 sum
259 1916 475 1981 instituturus.
519 1911 671 1980 Omittam
693 1914 779 1979 enim
792 1915 924 2000 primum
942 1934 1025 2000 qnae
1037 1935 1140 2001 pausa
1154 1916 1250 1985 femie
1278 1954 1282 1963 ·

167 2026 244 2085 sunt
280 2014 468 2084 excusanda
496 2022 530 2080 et
563 2015 616 2079 ubi
645 2014 817 2079 Behherus
846 2016 1070 2102 interpunxit,
1104 2019 1249 2085 omittam

167 2119 303 2204 deinde,
324 2136 405 2203 qnos
425 2115 604 2201 particulae
625 2113 703 2179 illae
723 2114 845 2180 iaciunt
867 2118 990 2202 hiatus,
1022 2118 1166 2185 omittam
1188 2120 1250 2187 do-

166 2220 262 2305 nique
289 2220 388 2305 vitia,
415 2238 498 2304 quae
526 2217 621 2282 facile
649 2219 846 2301 apostropho
868 2227 1006 2303 possunt
1026 2220 1115 2283 toiii.¹
1148 2222 1278 2287 Arii--

166 2328 235 2386 tror
256 2322 358 2408 enim,
393 2321 422 2384 si
445 2320 711 2384 demonstravero
733 2318 988 2383 Demosthenem
1012 2338 1032 2385 a
1054 2319 1249 2387 foedioribus

166 2423 241 2486 istis
262 2422 421 2510 hiatibus,
448 2422 501 2506 qui
522 2421 617 2497 finnt,
646 2438 739 2503 quum
760 2420 895 2484 vocales
916 2421 1034 2504 longae
1055 2421 1131 2487 sive
1152 2422 1249 2511 diph-

165 2524 277 2607 thongi
299 2525 331 2587 in
352 2522 417 2587 fine
439 2522 610 2586 verborum
632 2521 704 2586 aliis
725 2520 892 2585 vocatibus
913 2521 946 2585 in
967 2521 1058 2585 initio
1076 2521 1248 2591 verborum

165 2624 376 2703 antecedunt,
419 2622 633 2700 abstinuisse,
678 2621 836 2687 neminem
864 2620 926 2685 hoc
948 2638 1026 2685 csse
1047 2628 1247 2706 negaturum,

165 2744 237 2790 eum
260 2727 377 2790 breves
398 2723 484 2788 istas
506 2723 640 2788 vocales
662 2723 708 2787 ita
730 2721 982 2808 pronuntiasse,
1026 2728 1061 2787 ut
1089 2740 1163 2787 cum
1188 2742 1246 2791 sc-

166 2828 336 2911 quentihus
372 2825 594 2888 coalescerent
629 2844 734 2910 neque
762 2822 845 2888 duae
872 2824 1007 2888 isoceles
1042 2822 1251 2895 audirentura

166 2927 249 3013 quod
273 2926 409 2991 elisione
431 2932 465 2990 et
486 2925 683 3041 apostropbo
706 2925 776 2990 heri
799 2924 881 2990 satis
902 2929 1044 2990 constat.

248 3028 362 3093 Habes
383 3027 516 3110 igitur
507 3027 549 3121 ris
577 3047 657 3113 quos
678 3026 770 3093 modo
792 3026 862 3090 dixi
883 3025 1024 3089 hiatibus
1055 3023 1187 3089 omissis
1212 3024 1247 3091 in

166 3114 420 3213 Olynthioea
441 3112 567 3214 prima
588 3130 666 3194 hoS.
691 3127 751 3200 17,
766 3125 828 3193 28.
849 3122 948 3210 μικρὰ
965 3120 1247 3201 αααλιακοατιςτᾶ

164 3227 262 3294 haud
273 3250 460 3310 capuanorum
472 3227 589 3317 αὸιως,
611 3230 663 3294 ubi
679 3227 757 3294 Cod.
779 3231 814 3293 Y.
828 3229 914 3314 Aug.
931 3226 964 3291 1.
984 3225 1087 3310 suppl
1102 3229 1138 3295 et
1152 3224 1244 3293 liert

163 3331 284 3394 rectius
298 3326 397 3405 ἀδεῶς
414 3333 599 3414 καρπῶνται
615 3330 783 3415 praebent.
822 3329 912 3411 Quae
927 3328 955 3390 si
969 3327 1051 3409 legis
1065 3348 1088 3389 α
1101 3322 1139 3390 in
1146 3323 1245 3414 μικρὰ

165 3437 199 3496 et
221 3427 319 3495 λοιπὰ
340 3433 403 3495 erit
417 3431 446 3496 si
458 3452 520 3498 non
533 3430 726 3508 elidendum,
749 3438 838 3499 certe
852 3431 898 3494 ita
911 3426 1193 3512 pronuntiandum,
1211 3432 1247 3493 ut

164 3551 235 3598 cum
258 3550 347 3616 sequ.
369 3534 475 3598 vocali
497 3534 674 3598 coalescat.
717 3531 792 3596 Huc
813 3527 941 3596 accedit
965 3527 1033 3606 10,
1054 3523 1090 3591 4.
1119 3548 1246 3595 παντα-
1283 3534 1287 3543 “

162 3634 227 3710 χοῦ
255 3630 358 3697 αὑτὸν
394 3643 543 3717 παρεῖναι
575 3635 621 3715 τῷ
656 3630 880 3717 στρατεύματι.
942 3627 1110 3710 Quomodo
1139 3633 1247 3695 autem

164 3733 333 3819 Phiiippus
355 3734 499 3818 pluribus
521 3734 601 3813 locis
623 3753 716 3818 quam
739 3732 964 3797 Athenienses
986 3729 1087 3794 duces
1115 3730 1247 3797 exerci-

163 3837 210 3900 tui
232 3837 395 3901 interesse
416 3825 547 3921 potuit?
574 3834 690 3900 Scribe
710 3828 818 3919 potius
839 3832 1019 3909 πανταχῶς.
1062 3830 1150 3897 Nam
1171 3832 1247 3917 plu-

162 3936 252 4001 ribus
274 3955 357 4002 sane
379 3935 556 3999 rationibus
578 3935 738 3998 exercitui
764 3940 936 4020 praeerat,
965 3951 1036 3998 eum
1058 3949 1122 3995 non
1144 3932 1257 4005 scium,

163 4034 357 4120 στρατηγὸς,
393 4034 453 4100 sed
476 4036 574 4103 etiarn
595 4032 748 4114 δεσπότης
768 4039 825 4102 καὶ
845 4039 964 4118 ταμίας
986 4038 1089 4099 esset·
1132 4029 1250 4101 Simit-
