2564 4508
543 168 892 313 '‘¹³⁸‘'

149 375 261 457 θεοὺς,
283 377 345 451 troc
365 394 444 441 esse
465 374 618 463 optimum
639 374 839 447 sacrificium,
860 390 899 439 sc
908 373 1122 458 justissimum
1135 390 1235 458 prac-

151 477 238 543 bere.
283 476 323 541 tn
349 478 463 544 verbis
489 478 598 541 tumen
627 475 664 561 ᾗ.
696 470 758 541 19.
786 474 991 559 interpositis
1012 472 1054 537 de
1074 478 1238 559 apparatu

130 577 242 669 =regio
265 576 307 643 de
328 596 472 664 veraque
493 579 583 662 regis
604 574 842 661 magnificentia
863 574 970 640 'sermo
992 579 1064 660 est,
1104 575 1159 659 qui
1181 592 1238 641 cc·

150 680 233 743 teris
264 684 330 743 non
358 679 520 744 convenit.
571 678 644 742 Huc
671 675 818 755 accedit,
852 674 937 760 qnod
964 675 1062 739 muita
1089 674 1124 739 in
1153 674 1239 761 ipsiu

117 860 120 865 Ι
150 778 263 844 verbis
285 781 411 866 insunt,
439 779 471 842 in
494 778 607 863 nuribus,
630 776 788 848 offendas.
830 776 915 841 Mire
936 784 970 840 et
992 776 1129 841 obscure
1158 780 1238 841 suut

150 877 253 944 dictur
266 884 356 943 ὀἴκει
378 876 435 957 τὴν
456 875 549 943 πόλιν
570 888 642 952 ταῖς
662 878 720 959 μὲν
739 886 957 951 κατασκευαῖς
970 878 1239 961 λαμπρῶν-ταῖς

151 980 185 1044 δὲ
206 975 357 1063 πράξεσιν
379 976 527 1060 ἀκριβῶς.
555 974 674 1042 deinde
703 978 836 1044 verbum
862 978 995 1061 διαρκῂς
1022 976 1085 1043 hoc
1111 997 1175 1043 uno
1203 978 1239 1043 in

150 1078 223 1143 loco
245 1079 278 1143 in
300 1077 447 1144 Isocrate
467 1077 597 1161 legitur.
640 1078 748 1142 tutinus
770 1080 869 1144 ctiam
890 1083 1047 1165 apparot,
1073 1077 1150 1163 quid
1172 1078 1240 1143 sibi

150 1179 255 1245 veiint
283 1179 403 1244 verba:
445 1183 480 1241 to
501 1188 570 1252 τοῖς
590 1187 841 1262 προειρημένοις,
870 1196 953 1262 quac
975 1178 1173 1264 interpretes
1194 1178 1239 1245 ad

146 1280 306 1363 justitiam
328 1279 514 1344 retuterunt
557 1278 605 1343 At
626 1278 702 1364 quid
724 1279 784 1342 troc
806 1285 870 1359 est,
893 1280 1240 1363 quaeremagniticcnr·

151 1383 229 1459 tium
250 1382 283 1446 in
300 1372 456 1466 justitia?
479 1380 541 1444 His
562 1378 647 1444 udde
669 1378 755 1443 atiud
777 1380 874 1444 etiarn
895 1379 1029 1444 verbnm
1043 1381 1076 1444 in
1089 1380 1240 1447 tsocrutc

151 1502 216 1548 non
238 1484 375 1568 amptius
402 1480 531 1546 obvium
558 1476 789 1560 ἀναλωμάτων.
833 1478 959 1545 Eadem
988 1480 1127 1567 deniquo
1157 1474 1240 1548 sen-'-

153 1583 255 1649 tentia
277 1589 330 1648 cst
351 1582 493 1667 repetitu
513 1582 546 1666 ᾗ.
570 1579 633 1644 32.
675 1580 851 1666 Postquam
882 1588 990 1646 autem
1017 1582 1050 1645 iu
1080 1582 1239 1649 Antidosi
1273 1654 1278 1669 ¹

90 1764 95 1771 Ι
152 1693 262 1749 orator
289 1682 389 1770 dixit,
432 1701 524 1767 spem
548 1700 625 1745 esse
648 1680 715 1746 torc
738 1681 848 1767 utqui
865 1683 987 1765 justum
1008 1701 1047 1746 se
1069 1683 1241 1771 praebeat,

152 1803 272 1851 revera
293 1785 425 1849 deorum
446 1782 585 1865 gratiam
606 1783 667 1847 sibi
688 1790 871 1867 comparet,
899 1791 990 1848 recte
1013 1784 1137 1868 pergite
1180 1804 1241 1849 re·

152 1904 225 1971 geru
249 1891 400 1971 oportere
428 1883 521 1948 simut
550 1883 700 1948 veritatis
728 1882 811 1949 adeo
840 1882 1028 1967 diligentem
1058 1902 1162 1969 esse,
1202 1892 1241 1951 nt

152 1987 256 2054 verta
277 1989 348 2068 ejus
379 1984 511 2050 aliorum
538 1984 848 2068 jururnjurandorum
876 1985 983 2050 instar
1012 1985 1087 2048 sint
1130 1988 1180 2049 At
1206 1987 1242 2053 in

153 2093 237 2153 orat.
258 2087 299 2151 ad
313 2085 438 2150 Nicoct.
456 2085 650 2170 interposita
672 2092 749 2150 sunt
761 2090 948 2171 praecepta,
969 2082 1125 2171 quomodo
1142 2088 1241 2153 amici

153 2185 220 2252 sint
246 2187 454 2271 comparandi
476 2192 510 2250 et
531 2204 615 2271 quae
636 2187 682 2251 sit
703 2186 885 2252 firmissima
907 2187 1038 2270 tyranni
1068 2186 1241 2279 costodiu3
1269 2200 1278 2223 ⁸

152 2305 237 2374 quae
257 2286 384 2372 quidem
411 2293 588 2372 praccepta
615 2287 711 2372 paulo
739 2287 824 2352 intra
851 2287 1036 2352 accuratius
1061 2295 1097 2353 et
1127 2291 1242 2375 aptius

152 2394 230 2453 sunt
261 2388 413 2472 repetita.
456 2387 567 2453 Verba
596 2389 669 2473 ipsa
698 2389 794 2453 ctiam
822 2387 944 2453 habent
971 2408 1033 2473 qno
1062 2391 1269 2483 offendant·

152 2487 257 2556 vetuti
276 2489 347 2553 itta:
369 2492 447 2568 τίμα
467 2498 540 2563 ταῖς
560 2489 617 2568 μὲν
637 2485 756 2569 ἀρχαῖς
776 2489 841 2552 τῶν
862 2492 966 2575 φίλων
982 2487 1059 2564 τοὺς
1077 2490 1242 2559 οἰκειοτά-

152 2614 238 2667 τους,
249 2600 322 2664 ταῖς
334 2590 368 2653 dd
383 2585 556 2667 ἀληθείαις
569 2585 686 2664 αὐταῖς
701 2587 830 2673 (vutgm
845 2601 917 2665 ταῖς
933 2591 967 2654 dd
977 2586 1242 2679 αληθεσταταις)

152 2689 229 2767 τοὺς
250 2689 501 2769 εὐνουστάτους,
524 2709 619 2774 porro
639 2690 702 2755 τῶν
719 2695 815 2754 οἴκτου
829 2692 893 2754 τῶν
906 2692 1078 2755 πολιτικῶν
1095 2712 1155 2777 pro
1173 2696 1241 2761 τῶν

152 2793 291 2857 πολιτῶν
309 2791 368 2870 (ul.
383 2792 791 2871 ἰδιωτώυ)-ὃαααυώυτας
804 2791 964 2871 absolute,
988 2791 1073 2857 unde
1094 2793 1150 2858 atii
1172 2792 1240 2863 aad

153 2893 218 2956 τῶν
228 2894 318 2956 ἰδίων
333 2892 498 2973 adjiciunt.
539 2890 680 2956 Additur
696 2890 813 2957 deinde
827 2893 860 2956 in
876 2891 1040 2979 doddoni,
1061 2913 1124 2979 qua
1146 2895 1180 2961 in
1202 2916 1241 2963 rc

152 2991 281 3057 omnino
303 3010 413 3076 regem
435 3010 473 3056 se
494 2993 693 3078 superiorem
716 2999 884 3077 praestare
905 2992 1042 3080 debeat,
1074 2993 1108 3059 id
1130 2998 1242 3063 estin

152 3089 343 3179 prodentia,
372 3111 476 3178 neque
498 3093 530 3157 in
558 3093 751 3158 severitate.
795 3095 842 3158 At
868 3092 902 3158 in
929 3101 1008 3159 orat
1038 3094 1081 3160 ad
1109 3096 1241 3163 Nicoct.

151 3193 346 3279 interposita
366 3199 528 3259 scottum
548 3191 663 3258 eadem
684 3194 756 3258 atiis
779 3194 891 3259 verbis
912 3197 1040 3280 prolatu
1060 3182 1243 3285 praeceptc

153 3297 236 3380 tum,
258 3294 384 3379 quatern
406 3313 445 3361 se
467 3301 580 3360 contra
605 3293 753 3381 hospites
778 3316 837 3361 rex
858 3297 1017 3382 praebere
1039 3297 1178 3385 debeat,
1206 3298 1242 3365 in

153 3395 268 3479 quibus
288 3396 368 3475 urire
390 3404 466 3461 suut
487 3397 591 3461 dictur
612 3398 687 3471 τοὺς
701 3394 839 3473 πολλοὺς
853 3396 978 3484 φόβους
990 3397 1108 3481 ἐξαίρει
1130 3400 1242 3487 (vulg.

152 3492 301 3577 ἐξαιροῦ)
321 3498 386 3561 τῶν
407 3498 545 3563 πολιτῶν
571 3498 628 3560 καὶ
658 3494 702 3578 μὴ
726 3494 849 3581 βούλου
876 3500 1026 3582 περιδεεῖς
1053 3497 1243 3585 εἶναιτοὺς

152 3598 249 3678 μηδὲν
266 3593 459 3671 ἀδικοῦντας
480 3596 568 3681 vuig.
590 3582 731 3683 νιεριὸεὴς
750 3596 832 3662 εἶναι
858 3609 928 3674 τοῖς
955 3600 1052 3679 μηδὲν
1078 3597 1241 3669 ἀδικοῦσι.

153 3696 333 3784 Postquam
353 3704 461 3763 autern
483 3706 593 3763 orator
614 3697 697 3762 dixit
719 3700 812 3764 cives
841 3718 919 3764 esse
947 3699 1043 3765 fidem
1071 3700 1243 3769 habitum

152 3799 312 3880 ejusmodi
332 3817 443 3882 regem
465 3799 584 3884 optime
599 3798 741 3884 ipsorum
755 3798 892 3864 satutem
907 3801 1000 3875 tueri,
1024 3801 1107 3875 bene
1120 3804 1244 3871 transit

152 3898 194 3965 ud
218 3905 398 3984 praecepta
418 3897 459 3963 de
480 3901 625 3981 ratione,
649 3919 714 3985 qua
736 3907 771 3965 ct
792 3899 868 3965 betti
891 3905 926 3964 ot
946 3901 1039 3986 pacis
1059 3902 1242 3971 studiosum

152 4018 214 4066 rex
248 4019 287 4064 sc
316 4005 485 4086 praestare
515 3998 645 4066 debeat.
689 4001 783 4066 Haec
818 3980 996 4087 praecepta
1021 4002 1054 4066 in
1084 4002 1245 4071 Antidoei

152 4098 297 4168 breviter
315 4105 393 4167 aunt
413 4102 581 4189 proposita
588 4148 599 4189 ,
619 4102 731 4170 verbis
752 4097 885 4196 (2432
924 4099 1036 4179 Οὗτος
1056 4098 1161 4183 dudm
1181 4124 1241 4203 nur⁸
