2580 4514
155 320 190 387 8.
218 318 406 405 ἀμφοτέροιν
433 308 597 389 εὐνοήσειν
624 331 716 378 error
747 317 802 378 est
828 328 999 397 operarum
1031 310 1067 379 in
1095 310 1239 401 exemplo

156 417 413 486 'l'uuelruitniuno
434 432 493 499 pro
514 410 719 501 ἀμφοτέροις
739 410 805 477 ein.
828 412 960 489 XVIII,
982 410 1020 479 8.
1052 414 1087 477 in
1117 414 1237 479 verlrist

155 519 316 605 διάφορον
337 514 357 593 ἢ
379 510 675 595 κατασκεύασμαῆ
703 511 785 579 ἄλλο
814 537 847 577 τι
873 514 941 579 τῶν
969 502 1238 595 αλείοαοςᾶξδω

155 623 290 689 verbum
311 613 471 701 διάφορον
492 634 557 679 non
579 616 661 680 bene
683 615 724 680 ad
746 614 829 681 ἄλλο
849 639 882 678 τι
902 615 968 679 τῶν
983 616 1135 691 πλείονος
1146 612 1237 695 ἀξίαι

155 722 269 792 referri
292 722 410 806 potest.
454 715 598 801 Conjieio
620 717 718 801 igitur
741 717 907 802 l‘olybium
928 714 1109 801 scripsisse
1138 712 1160 795 ἢ
1186 736 1238 779 rru-

157 819 370 899 τασιιεύασμα
396 814 558 903 διάφορον
577 814 607 894 ἢ.
671 815 718 880 lo.
753 814 817 880 12.
848 836 908 903 pro
938 816 1143 901 παραχρῆμα
1171 822 1240 881 tale

156 919 384 1002 ἀναζεύξαντες
406 918 513 983 scribe
534 914 733 1001 παραχρῆμ’.
756 916 838 982 XIX
849 964 858 993 ,
882 915 919 982 7.
941 914 1038 983 sutile
1059 914 1153 981 feres
1171 916 1240 981 δισ-

157 1022 262 1112 tinioso.
280 1019 322 1087 Ὀ.
347 1016 407 1084 13.
431 1014 632 1082 δικαιότατα.
650 1015 789 1095 Ἐπειδὴ.
811 1020 888 1104 XX,
909 1015 947 1080 4.
968 1018 1027 1081 καὶ
1049 1012 1239 1097 &rurum

160 1123 264 1210 XXI,
293 1119 354 1185 11.
384 1120 499 1184 ἕνεκα·
529 1115 597 1196 ι”ν’,
640 1118 702 1183 sed
730 1122 831 1205 XIX,
859 1114 896 1181 8.
924 1119 958 1183 in
987 1114 1242 1203 προσδεξαμοο

9 1236 20 1263 ·“
120 1228 123 1233 “
159 1229 284 1293 ἐκείνου
305 1227 360 1288 est
379 1224 488 1284 ιιείνον
508 1218 731 1295 scribendum,
763 1214 1007 1301 utiXX,4.y’
1030 1224 1242 1305 promulo

160 1326 337 1405 &intonet
351 1321 444 1408 XXI,
458 1316 492 1384 8.
509 1317 575 1385 ποτ’
595 1324 833 1405 promotiome
851 1316 1055 1405 Ἀρκαδικὰς.
1075 1318 1188 1397 XXII,
1206 1314 1240 1383 4

160 1426 193 1493 δ’
220 1447 277 1511 pro
298 1426 333 1491 δὲ
352 1430 430 1489 ante
452 1421 523 1499 οὐχ.
546 1420 679 1501 XXIV,
701 1420 737 1486 2.
760 1418 793 1503 γ’
819 1441 877 1507 pro
896 1444 933 1503 γε
953 1424 1033 1487 ante
1052 1416 1240 1495 ἀκούοντας.
1270 1414 1274 1421 ’

161 1527 312 1611 xxvii,
336 1525 372 1589 li.
394 1520 443 1589 ἐπ’
469 1542 527 1609 pro
549 1524 600 1587 ἐπὶ
620 1528 698 1587 onte
716 1522 938 1587 Ἀνταλκίδου.
958 1520 1128 1601 XXVIII,
1150 1520 1185 1585 ὅ.
1210 1514 1239 1585 δ’

159 1648 220 1716 pro
241 1628 275 1691 <ll
296 1631 375 1693 unte
397 1621 416 1701 ἡ
437 1631 473 1690 et
486 1627 595 1707 XXX,
617 1620 651 1687 6.
674 1618 702 1687 δ’
724 1642 783 1707 pro
804 1624 839 1687 cii
858 1628 937 1691 unte
957 1628 1004 1687 tx.
1045 1616 1172 1707 Neque
1191 1618 1244 1687 inl

162 1748 225 1795 nus
246 1727 368 1813 XXII,
397 1723 433 1790 2.
466 1726 498 1789 in
521 1724 651 1789 veritis:
694 1720 870 1809 ὑστερήσας
897 1724 932 1787 δὲ
958 1724 1018 1787 τοῦ
1046 1727 1169 1807 καίρια
1194 1718 1225 1813 (’

163 1828 357 1896 Tuuohnitz.
381 1824 527 1909 exemplo
551 1824 671 1889 vitiose
692 1826 805 1907 ιιοίροο
826 1818 982 1913 legitur),
1006 1820 1187 1903 ἀπέστειλε,
1205 1840 1244 1889 ex

161 1951 222 1996 usu
243 1927 392 2013 Polybii,
434 1924 609 1990 seeundum
632 1943 725 2008 quem
748 1923 903 2009 pluralem
925 1924 1020 2008 hujus
1039 1924 1139 1991 verbi
1163 1928 1246 1991 amat

117 2068 120 2073 ·
162 2038 198 2099 et
218 2048 314 2115 quem
335 2045 435 2112 supra
457 2027 520 2109 jam
545 2026 658 2115 attigi,
700 2025 905 2090 scribendum
932 2028 996 2091 erit
1022 2026 1090 2091 τῶν
1116 2029 1244 2113 nulum

162 2135 277 2207 XXV,
298 2126 336 2193 8.
357 2128 410 2195 bis
432 2134 467 2193 et
487 2129 639 2210 XXXV,
663 2123 696 2190 3.
719 2132 797 2192 nuto
816 2122 857 2191 τὸ
877 2124 982 2208 ἱερὸν,
1004 2124 1091 2212 quod
1113 2124 1245 2213 Polybio

163 2228 299 2317 θολερὸν
322 2247 462 2295 sonasse
484 2226 623 2292 videtur.
1287 2292 1289 2307 Ι

249 2330 329 2416 Cup.
341 2334 467 2412 XXXI,
490 2326 526 2393 2.
551 2346 635 2392 nunc
656 2327 702 2391 itu
724 2333 777 2391 est
798 2326 937 2393 editum:
957 2330 1029 2413 περὶ
1049 2324 1246 2405 δδτῆςάιιο-

162 2429 292 2519 φάσεως
312 2427 431 2508 ταύτης
451 2432 656 2505 κατιοχοσαν
679 2423 826 2507 οὐδαμῶς
847 2425 1067 2495 εδδοκούνταν
1087 2430 1156 2495 τῶν
1174 2430 1247 2495 πολ·

162 2536 244 2615 λῶν,
288 2536 321 2596 οἱ
340 2528 560 2618 ἐφορεύοντες,
597 2526 685 2603 Οἶνις
705 2529 762 2591 καὶ
783 2528 951 2605 Νίκιππος
970 2533 1033 2595 καί
1048 2550 1133 2607 τινες
1152 2532 1249 2619 ἕτεροι

162 2637 227 2699 τῶν
249 2632 480 2717 ὀλιγαρχικῶν·
524 2627 717 2711 ἀγνοοῦντες
736 2629 793 2692 καὶ
813 2626 896 2693 πολύ
922 2630 1248 2715 παραπαίοντες-τοῦ

164 2737 293 2811 δέοντος
312 2757 343 2798 ιι.
364 2757 394 2796 τ.
417 2735 446 2796 λ.
488 2729 544 2795 Ad
568 2729 648 2794 bueo
670 2730 772 2793 uerbo
793 2726 982 2813 Schweiglr.
1010 2729 1094 2797 lineo
1120 2730 1248 2799 ιιδεεή·

167 2839 251 2922 psit:
273 2833 450 2914 ,Αἰτωλῶν
471 2825 677 2917 ἐφορεύοντος
702 2828 753 2893 ed.
780 2828 813 2893 1.
838 2826 874 2893 2.
895 2829 981 2895 Bau.
994 2830 1082 2915 Aug.
1103 2830 1189 2917 neg.
1210 2832 1249 2907 A.

96 2964 100 2971 ·
165 2936 207 3000 B.
231 2934 268 3000 C.
290 2936 414 3018 absque
435 2931 579 2999 articulo.
623 2928 781 2994 Αἰτωλῶν
804 2935 836 2995 οἱ
856 2928 1064 3017 ἐφορεύοντος
1079 2930 1251 3011 VttJ'Itt'.

167 3037 245 3104 Urs.
288 3035 439 3101 Alienum
467 3050 547 3096 vero
571 3048 704 3113 prorsus
725 3031 766 3095 ub
790 3032 944 3097 hocloco
965 3032 1252 3103 nomeuAlruiuir

169 3155 247 3202 esse
275 3140 450 3221 perspecte
478 3133 599 3197 monuit
623 3131 923 3219 demonstravitque
944 3132 1137 3199 Polmerius
1182 3134 1252 3199 Neo

168 3238 253 3303 enim
282 3236 372 3302 erodi
402 3235 466 3301 ullo
492 3233 619 3297 rutIoue
648 3239 784 3316 potest,
828 3233 1016 3299 Aetolorum
1043 3236 1254 3321 mgistrutu

167 3338 313 3404 concioni
341 3336 531 3402 interfuisse
560 3333 705 3416 civitatis
734 3332 995 3415 Messeniorum,
1037 3342 1095 3401 out
1131 3342 1254 3403 tantu

168 3438 381 3518 auctoritate,
405 3436 519 3500 hostes
540 3452 609 3499 oum
632 3441 756 3513 essent,
785 3435 869 3521 opud
891 3435 1080 3503 Messenios
1100 3436 1254 3505 volnisse-

166 3540 242 3605 Neo
263 3539 435 3615 convenit,
457 3534 541 3623 quod
565 3537 727 3621 sequitur,
757 3537 898 3622 ephoros
918 3537 995 3601 illos
1016 3555 1036 3602 u
1054 3542 1156 3605 reete,
1173 3556 1253 3605 oon·

168 3640 233 3705 silii
256 3640 311 3705 via
332 3641 524 3705 aberrasse:
552 3657 626 3702 uum
648 3637 678 3700 si
701 3638 810 3703 Aetoli
832 3638 865 3703 ni
886 3637 1044 3716 luissent,
1072 3640 1198 3725 optime
1223 3646 1256 3705 et

169 3759 189 3806 e
210 3740 410 3826 reipublicae
432 3738 620 3813 Aetolorum
645 3740 784 3805 utilitate
806 3740 987 3822 iecissent,
1016 3738 1102 3825 quod
1121 3738 1258 3809 neon·

170 3842 244 3907 nios
265 3842 307 3906 ub
328 3839 469 3907 hostium
490 3841 651 3907 societate
672 3839 926 3907 obstruxissent.
971 3838 1123 3927 lienique
1149 3840 1257 3909 mnri-

170 3940 274 4028 teste,
300 3940 354 4025 qui
375 3937 582 4026 ἐφορεύοντος
603 3940 636 4005 h.
658 3941 680 4005 Ι.
703 3941 869 4019 dlountur,
896 3940 995 4007 iidem
1022 3946 1120 4031 sunt,
1143 3942 1203 4031 qui
1228 3947 1259 4007 ot

170 4040 235 4105 τῶν
260 4042 452 4118 Μεσσηνίαν
477 4042 672 4129 προεστῶτες
708 4060 735 4105 c.
768 4038 839 4127 32,
870 4041 900 4105 1.
945 4036 1134 4111 Aetolorum
1163 4062 1260 4131 porro
