2580 4514
541 106 840 212 ἐνοσ-

159 309 223 391 dit,
248 311 323 398 quio
344 311 576 398 Theopompus
594 310 718 388 ιτλτιλλς
737 311 789 378 ciet
809 309 1021 398 scripsisset..
1052 308 1128 388 *Pro
1148 306 1244 393 diui

160 430 225 478 ser.
255 405 310 477 δύ’
339 409 375 492 ἢ,
418 412 479 479 sed
507 433 565 499 pro
587 415 767 499 προσέλθοι
792 411 896 479 αὐτοῦ
910 408 1065 499 ,δεόμενος
1085 416 1147 479 aut
1166 414 1246 481 aliud

160 512 235 600 qnid
256 519 315 578 nort
335 513 450 579 ordine
470 521 591 579 mrrtuto
613 512 701 597 dodp.
724 512 794 580 αιἰτ.
817 492 975 598 προθέλθ.
1003 512 1247 603 Theopompum

161 612 296 680 dedisse
328 615 508 680 verisimile
536 621 600 680 est.
651 613 745 696 Quue
772 615 893 682 deiude
917 620 1099 701 sequuntur
1115 618 1185 681 reat
1209 621 1247 691 ιλς

160 715 291 782 defendi
320 722 355 782 et
381 739 455 780 τινα
483 716 547 780 ἴδοι
576 717 675 782 tuciie
701 718 819 802 corrigi
846 721 994 802 possunt.
1038 715 1108 782 Pro
1133 713 1247 781 κιλαλι

159 813 261 909 αὐτὸν
282 824 408 893 nutem,
452 815 537 901 quod
560 835 729 901 operarum
752 818 862 882 error‘e
883 816 917 881 in
939 815 992 881 ed.
1017 811 1042 880 2
1064 822 1102 883 et
1124 813 1247 883 6.(11-

159 918 251 981 souh·
272 923 326 982 est
346 923 381 981 et
404 917 561 982 Wichers
583 936 646 982 nou
670 917 828 990 correxit,
872 935 1063 1003 quemquem
1084 926 1192 983 uorem
1217 917 1247 982 di

160 1015 345 1104 praeeedit,
361 1018 429 1098 jem
452 1016 643 1101 Schweigh.
666 1018 699 1082 in
722 1017 842 1082 Athen.
865 1013 1003 1082 κελεύειν
1023 1014 1130 1083 αὐτὸν
1150 1015 1245 1084 dedit.

160 1116 255 1182 Ferri
277 1117 418 1184 fortusse
439 1117 575 1202 poterit:
618 1118 683 1182 τῶν
702 1114 1044 1187 συνακολουθούντων
1063 1115 1175 1202 terimi·
1215 1123 1247 1182 λιι

160 1213 210 1294 δὴ.
254 1217 292 1282 In
314 1219 428 1304 srugm.
451 1217 553 1282 XCV.
584 1236 627 1283 ex
648 1215 771 1282 Athen.
792 1216 859 1303 lv,
883 1213 971 1282 166.
999 1234 1030 1283 e.
1060 1217 1173 1283 nultus
1199 1223 1246 1285 est

159 1317 285 1392 hiatus,
312 1337 419 1404 neque
449 1319 482 1383 in
510 1319 622 1401 fragm.
651 1313 687 1382 6.
715 1336 759 1383 ex
787 1315 901 1382 Schot.
931 1316 1242 1405 Aristuph..Equit

160 1414 250 1482 226.
291 1420 331 1484 In
352 1421 467 1504 fragm.
492 1415 580 1483 CIII.
605 1438 649 1514 ex
670 1418 772 1483 schot.
795 1416 964 1503 Aristoph.
997 1418 1100 1504 I'esp.
1134 1418 1246 1485 11161.

159 1518 355 1585 scholiastes
376 1520 411 1583 in
432 1519 561 1585 verbis:
591 1515 644 1582 ὅτε
664 1515 905 1605 ἐξωστράκισαν
926 1515 983 1583 τὸν
1000 1515 1247 1603 ‘numerate

159 1622 231 1697 ἔτη·
262 1617 280 1684 ὁ
301 1621 335 1684 dd
355 1642 384 1683 ιι.
405 1642 432 1683 τ.
454 1621 483 1684 λ.
512 1625 616 1685 rutrum
636 1620 711 1704 ipsu
733 1618 835 1684 verbu
856 1637 899 1684 uu
920 1621 1121 1685 sententium
1140 1638 1245 1687 corum

160 1721 459 1785 commemoraverit
473 1719 611 1786 dubitari
624 1724 744 1805 potest.
789 1718 955 1803 Inhugm.
970 1716 1075 1784 CXV.
1088 1738 1135 1787 ex
1147 1720 1243 1787 schot.
1286 1761 1290 1805 ¹3

160 1819 266 1884 Arist.
283 1821 347 1885 Av.
364 1817 456 1884 881.
472 1820 578 1885 nutius
592 1827 645 1885 est
661 1821 778 1885 hiatus.
802 1817 871 1886 Sed
882 1821 915 1885 In
930 1821 1042 1904 fragm.
1055 1816 1197 1887 cxvii.
1208 1839 1246 1887 ex

159 1919 367 1998 Athenxli,
383 1918 474 1984 532.
487 1921 517 1985 h.
534 1920 775 2006 Theopompum
792 1938 994 2006 nequequam
1005 1921 1054 1987 ito
1071 1921 1245 2008 scripsisse

158 2026 255 2106 puto:
277 2017 393 2084 διὸκαὶ
404 2021 529 2086 εἱλοντο
546 2019 654 2086 αὐτῶν
669 2027 700 2086 οἱ
713 2019 837 2100 ἔνδοξοι
858 2017 918 2099 ἔξω
939 2025 996 2098 τῆς
1009 2017 1132 2099 πόλεως
1147 2044 1246 2087 mu·

158 2121 261 2204 βιοῦν.
295 2117 395 2188 Certe
415 2123 595 2208 καταβιοῦν
617 2128 693 2188 urite
708 2119 767 2201 ἔξω
781 2122 978 2188 collocasset
990 2139 1097 2207 neque
1114 2121 1246 2202 εἴλοντο,

160 2221 222 2287 sed
237 2220 347 2287 εἰλοντ’
364 2225 572 2310 scripsisset,
594 2223 654 2290 sed
665 2222 780 2291 ,duhito
795 2224 891 2288 etium
912 2221 955 2288 do
976 2221 1113 2289 articulo
1127 2228 1162 2289 σι’
1174 2228 1247 2289 unte

159 2320 294 2401 ἔνδοξοι.
318 2322 371 2390 De
386 2323 497 2408 hugm.
510 2323 632 2390 CXIX.
655 2343 698 2390 ex
721 2323 844 2389 Athen.
857 2322 949 2403 XIV,
973 2319 1065 2389 657.
1085 2342 1190 2411 supra
1207 2321 1247 2389 ad

20 2481 27 2497 ,
159 2423 275 2507 frugm.
288 2423 411 2490 XXIII.
424 2424 508 2512 quod
522 2423 605 2491 idem
617 2432 680 2503 est,
697 2424 871 2510 disputavi.
914 2424 952 2490 In
967 2423 1079 2509 trogm-
1093 2421 1245 2491 cxxiv.

161 2543 204 2590 ex
220 2525 341 2591 Athen.
353 2526 412 2613 tv,
437 2524 525 2592 145.
547 2547 577 2594 o.
591 2528 694 2593 verhu
707 2545 772 2591 non
784 2527 866 2612 ipso,
888 2523 948 2590 sed
962 2524 1247 2591 seutentiueorum

158 2629 312 2707 edentur,
355 2626 387 2692 id
410 2627 493 2714 qnod
517 2646 560 2692 ex
582 2627 745 2693 infinitivo·
762 2626 980 2692 δαπανᾶσθαι
1001 2624 1156 2693 concludi
1175 2631 1247 2713 pot·

159 2733 223 2792 est.
267 2727 305 2792 In
327 2728 438 2812 hugm.
462 2726 596 2793 CXXV.
619 2727 704 2814 quod
732 2734 786 2793 est
814 2727 942 2811 tongins
968 2744 1019 2792 ex,
1032 2726 1175 2811 hungiro.
1206 2724 1247 2793 de

158 2828 285 2894 sublim.
309 2826 398 2893 230.
423 2830 557 2896 offendit
579 2849 660 2894 ornus
682 2829 808 2894 hiatus:
830 2833 931 2914 ἱερεῖα
952 2831 996 2902 ode
1017 2822 1136 2891 ταύτά.
1164 2826 1246 2893 Num

159 2924 238 3010 πρὸς
258 2926 366 2993 ταύτά
387 2930 632 3016 u'l'heopompo
654 2930 808 3014 scripturn
830 2918 963 2994 fueret?
986 2925 1025 2991 In
1046 2925 1247 3011 fragm-Iou-

158 3028 250 3112 giore
273 3027 425 3096 CXXVI.
453 3049 495 3096 ex
516 3030 637 3096 Athen.
667 3029 751 3108 nh,
773 3026 864 3093 531.
897 3047 929 3094 u.
959 3025 991 3090 h.
1010 3043 1047 3090 c.
1078 3024 1203 3109 durni
1229 3019 1247 3089 ὁ

107 3138 110 3145 ·
158 3125 324 3212 Στράτιον
344 3131 482 3215 legitur,
512 3130 596 3216 quod
620 3130 696 3196 terri
718 3130 849 3216 poterit.
893 3128 933 3194 ln
954 3128 1070 3212 hngm
1092 3124 1245 3199 CXXIX.

157 3247 201 3295 ex
224 3230 343 3295 Athen.
365 3231 441 3308 XII,
465 3227 557 3294 526.
581 3249 608 3296 ο.
630 3237 706 3316 post
726 3228 890 3312 γενόμενοι
911 3232 991 3293 unte
1011 3222 1097 3311 αὐτῇ
1116 3226 1246 3315 πατρίδι

157 3328 389 3416 διεφθάρησαν
410 3329 495 3395 udde
516 3328 584 3395 σὺν.
629 3333 667 3396 In
696 3331 736 3396 sr.
760 3329 949 3396 CXXXIII.
978 3346 1024 3392 ex
1050 3326 1179 3393 Athen.
1205 3325 1247 3393 Χ.

158 3452 190 3518 p.
212 3428 305 3496 dtu.
329 3450 359 3495 e.
384 3435 419 3495 et
440 3428 533 3496 415.
555 3451 584 3497 u.
608 3431 684 3498 dele
706 3432 873 3498 articulum
895 3431 928 3495 in
950 3429 1010 3492 τοῦ
1028 3423 1248 3509 Ἡγησιλόχου

157 3538 193 3598 ct
215 3532 309 3617 puum
333 3537 408 3617 post
430 3529 448 3597 ὁ
470 3540 549 3599 unte
568 3531 802 3615 Ἡγησιλοχος,
826 3530 886 3597 sed
907 3528 1028 3597 verbor
1049 3522 1170 3605 ἥντινα
1186 3524 1246 3613 χρὴ

156 3636 221 3698 τῶν
241 3633 413 3698 πολιτίδων
433 3638 480 3718 τῴ
501 3636 630 3701 νικῶντι
651 3644 696 3709 εἰς
718 3635 894 3699 συνουσίαν
915 3628 1008 3711 ἀηόἴν
1029 3627 1171 3716 domiin,
1189 3624 1246 3695 &I

156 3733 298 3799 fortusse
333 3746 402 3810 τοῖς
430 3737 560 3800 νικῶσιν
593 3737 729 3821 scripsit
759 3734 1001 3818 Theopompus.
1064 3725 1107 3794 In
1136 3728 1248 3813 [ηρ.

157 3832 335 3901 cxxxiv
362 3841 397 3899 et
424 3832 591 3900 CXXXV.
620 3855 664 3900 ex
692 3836 815 3901 Athen.
845 3833 909 3911 Vl,
931 3826 1022 3895 1165.
1045 3827 1074 3894 h.
1099 3836 1138 3895 et
1158 3826 1247 3895 868.

155 3955 187 4002 u.
210 3936 241 4000 h.
265 3953 294 4000 c.
317 3933 424 3998 nulius
446 3940 499 4001 est
520 3935 641 4002 hictus.
686 3936 756 4003 Sed
778 3931 963 4001 cxxxvi.
989 3949 1034 3994 ex
1049 3926 1248 4015 Athen-III,

156 4033 247 4104 1159.
270 4035 293 4103 1.
316 4040 350 4102 et
372 4031 463 4103 260.
488 4050 520 4104 a.
542 4039 576 4106 in
596 4039 726 4108 verbist
753 4039 810 4105 καὶ
833 4033 884 4102 ὅτι
903 4039 938 4100 ἐν
960 4041 1030 4107 τοῖς
1056 4032 1249 4114 συμποσίοις
