2580 4514
299 109 311 123 ⁶
412 106 415 111 Ι
722 90 725 103 ι

463 190 505 203 ι-ιι
576 153 620 218 79
697 185 737 204 Π*
861 199 865 213 ,

53 324 143 407 toris
161 324 330 395 sententia
349 321 392 391 ad
420 321 538 390 bellum
559 317 736 405 gerendum
764 318 929 406 adhiberi,
957 318 1034 387 ,hoc
1060 337 1143 405 quo·

55 447 123 514 que
144 447 210 494 non
231 446 309 494 esse
330 426 648 511 amplius'neoesse,
674 421 717 487 de
740 421 879 506 pecunia
900 420 1053 488 theatrali
1073 421 1152 496 dis-.

56 530 185 616 putari,
226 526 495 614 quodpauperes
517 524 550 588 id
571 523 705 607 indigne
727 523 842 589 lerant·
856 521 1082 608 opulentisqne
1103 541 1146 593 ea
1185 584 1187 595 .

59 629 103 695 ule
124 632 463 710 causa,suoceuseant
485 627 677 711 omninoque
691 623 811 689 multae
825 621 903 688 inde
916 623 1060 689 oriantur
1073 631 1146 691 tnr-

57 731 123 797 bae
148 725 368 821 (3545.)
426 727 497 809 Qua
526 727 569 793 de
597 723 975 792 sumtibus‘necessariis
996 723 1148 810 disputa-

56 832 162 915 tione,
178 831 330 909 absoluta
356 828 687 915 impeoilimentisquc
722 843 805 911 quae
843 823 976 891 obstare
1007 833 1147 911 possent
1240 848 1243 854 ·

56 931 217 1017 sublatis,
238 932 323 997 hene
344 931 387 997 ad
408 931 439 995 id
462 931 520 996 liet
540 929 708 1008 transitus,
732 926 809 1014 quid
829 926 940 993 damni
961 927 1147 994 Athenien-

59 1033 155 1097 sibus
182 1029 260 1097 iude
287 1037 389 1097 ortum
417 1033 481 1114 sit,
524 1029 608 1116 quod
635 1029 815 1117 apristino
836 1024 926 1094 more
946 1030 1148 1098 recesserint

59 1150 171 1220 neque
190 1132 326 1218 amplius
348 1132 477 1198 alilictis
498 1132 599 1196 sociis
626 1136 662 1197 et
689 1131 803 1196 amicis
833 1128 982 1195 auxiliari
1007 1131 1148 1219 soleant,

59 1234 144 1300 lude
179 1233 265 1300 enim
295 1230 476 1319 sequetur,
519 1250 604 1297 nunc
631 1249 757 1317 quoque
785 1229 967 1303 Thracibus
997 1232 1150 1300 auxilium

61 1354 143 1402 esse
163 1332 332 1405 lar-endum
353 1351 459 1419 neque
480 1333 620 1418 gloriam,
641 1331 803 1423 antiquom
831 1329 952 1395 diutins
976 1333 1150 1419 negligen-

61 1435 149 1503 rlam.
195 1433 250 1500 Au
270 1434 407 1519 gloriam
427 1440 535 1500 autem
555 1435 630 1499 sive
652 1429 899 1516 comparandam
920 1430 994 1497 sive
1007 1452 1151 1500 servan·-

60 1537 139 1606 dam
165 1537 264 1602 etiam
293 1535 439 1619 singulos
469 1536 615 1601 homines
648 1532 779 1598 multum
809 1531 930 1597 lahoris
955 1533 1150 1618 impendon-

61 1639 140 1708 rlum
168 1655 245 1705 essa
273 1655 429 1724 censere,
472 1635 620 1724 exemplo
647 1633 750 1720 ipsius
778 1633 978 1723 adversarii,
1004 1634 1058 1720 qui
1088 1654 1150 1722 pa-

61 1759 136 1809 cem
158 1755 237 1805 esse
257 1735 452 1803 servandam
473 1740 643 1823 suaserat,
666 1734 738 1800 dico
759 1734 959 1811 Aristodemi
981 1736 1152 1804 histrionis

64 1841 194 1928 prohat.
239 1835 331 1919 Quae
353 1857 423 1903 cum
445 1839 492 1904 ita
515 1837 597 1915 sint,
628 1855 670 1903 nc
697 1836 759 1922 iis,
786 1837 841 1922 qui
867 1856 888 1903 a
911 1837 1062 1924 Philippo
1083 1839 1152 1907 sint

63 1939 218 2009 conducti
238 1945 275 2005 et
296 1939 455 2028 corrupti,
488 1957 585 2004 aures
613 1937 809 2023 praebeant,
843 1938 1068 2005 Athenienses
1089 1940 1152 2007 arl-

62 2043 224 2109 hortatur.
267 2039 316 2107 At
337 2040 436 2128 hacc,
466 2058 550 2124 quae
571 2047 638 2103 tam
659 2045 736 2123 apte
765 2057 805 2104 se
833 2039 1012 2124 excipiunt,
1045 2041 1152 2107 inter-

62 2148 255 2228 rumpuntur
275 2142 391 2209 iterum
420 2140 484 2226 iis,
526 2158 609 2225 qnae
638 2140 673 2204 in
707 2159 753 2204 or.
783 2139 826 2206 de
856 2136 1013 2206 Cherson.
1038 2138 1151 2229 §.aa
1244 2164 1247 2169 ·

69 2241 175 2309 -67.
197 2247 403 2330 ¹sequuntur,
428 2241 463 2306 in
491 2240 608 2326 quibus
635 2259 677 2307 ea
697 2260 781 2327 quae
801 2242 931 2307 brevius
955 2241 1089 2309 8-11.
1118 2251 1154 2311 ct
1179 2252 1188 2278 l

68 2343 133 2412 18.
149 2345 218 2428 jam
237 2349 314 2409 sunt
334 2349 503 2429 enarrata,
523 2349 730 2428 repetuntur,
752 2347 786 2409 ut
806 2342 883 2408 inde
904 2342 1156 2433 demonstretur,

66 2444 156 2532 quod
171 2446 240 2528 jam
261 2449 316 2510 est
336 2442 589 2510 demonstratum
610 2450 646 2509 et
667 2443 796 2530 quidem
813 2442 932 2510 iisdem
945 2444 1156 2534 arghmentis,

65 2544 189 2613 helhum
210 2561 287 2609 csse
308 2561 379 2609 cum
399 2543 549 2629 Philippo
570 2543 757 2628 gerendum.

155 2640 248 2724 Quae
268 2643 300 2708 si
319 2663 401 2711 vere
423 2651 500 2711 sunt
520 2663 541 2710 a
561 2663 614 2710 me
635 2644 822 2732 disputata,
863 2643 1027 2729 intelliges
1055 2652 1156 2715 totam

66 2744 157 2812 illam
178 2744 333 2811 orationis
355 2753 480 2832 partem
501 2763 545 2812 ex
566 2749 650 2810 orat.
671 2744 713 2811 de
736 2742 896 2810 Cherson.
919 2765 941 2812 a
961 2743 997 2834 S.
1013 2745 1075 2813 38.
1095 2768 1157 2816 us»
1260 2802 1269 2812 ,

68 2864 134 2934 qne
154 2845 198 2913 ad
219 2843 282 2912 67.
309 2866 383 2932 pag.
408 2843 596 2911 lla-106.
625 2847 679 2913 hic
706 2845 775 2912 illic
801 2845 974 2930 paullulum
1001 2854 1156 2917 mutatam

68 2967 136 3015 nou
157 2947 200 3015 ah
221 2954 354 3014 auctore
376 2946 542 3027 orationis,
563 2945 624 3012 sed
645 2945 686 3012 ab
708 2946 772 3012 alio
793 2946 930 3032 quodam
951 2968 1029 3016 esse
1047 2950 1157 3017 inser-

70 3056 139 3115 tam
158 3053 258 3135 atque
278 3054 357 3130 aut,
400 3054 437 3114 ut
464 3047 660 3132 comparatio
682 3047 769 3114 inter
789 3051 957 3135 utramque
978 3053 1158 3129 orationem

70 3149 271 3237 instituatur,
291 3149 337 3215 ad
356 3149 533 3234 marginem
555 3148 658 3214 inisse
680 3149 889 3240 adscriptam,
909 3153 966 3216 au't
987 3153 1028 3218 ah
1050 3153 1158 3220 otioso

69 3249 204 3317 rhetore
237 3249 397 3334 ejusmodi
425 3248 592 3316 artificium
624 3249 727 3316 luisse
761 3253 1007 3341 excogitatum,
1049 3261 1086 3320 ut
1113 3273 1159 3320 ex

69 3349 196 3417 luanus
217 3370 281 3418 una
302 3351 517 3417 conficeretur
538 3350 650 3417 oratio.
701 3351 783 3418 lmle
804 3353 929 3439 poteris
951 3353 1050 3418 etiam
1071 3355 1159 3441 opti·

71 3468 126 3517 me
153 3451 341 3540 explicare,
382 3450 469 3517 unde
495 3451 615 3517 lactum
643 3452 704 3538 sit,
748 3457 784 3518 nt
809 3452 932 3538 antiqui
952 3453 1103 3522 rhetores
1124 3462 1160 3522 et

72 3550 303 3641 Grammatioi,
324 3552 398 3618 dico
418 3552 615 3638 Dionysium
634 3553 762 3641 Halia,
789 3553 1049 3638 Hermogenem,
1078 3540 1159 3622 A‘ri-

10 3648 14 3653 ’
72 3650 210 3738 stidem,
229 3655 427 3741 stobaeum,
456 3653 766 3739 Harpocrationem,
795 3655 931 3721 Suidam
953 3661 988 3720 et
1008 3655 1161 3723 Photium

71 3748 164 3844 [viu.
186 3752 320 3822 Schael.
352 3757 437 3841 App.
461 3755 498 3841 l,
520 3752 611 3820 610.
645 3752 705 3817 11.
739 3752 801 3821 13.
832 3753 894 3820 14.
923 3753 983 3820 15.
1010 3753 1159 3822 1219.

70 3851 137 3922 23.
161 3854 226 3921 34.
247 3855 314 3923 41.
335 3855 400 3921 57.
424 3861 459 3921 et
479 3855 597 3940 flodrg.
620 3853 662 3923 (le
684 3874 797 3922 canon.
817 3851 926 3948 Phil.)
947 3856 989 3922 de
1010 3857 1075 3923 lide
1095 3856 1159 3922 hu·-

64 3958 124 4040 jus
145 3958 305 4025 orationis
323 3956 617 4049 uon'duhitarent,
648 3957 803 4045 legebant
823 3957 910 4026 enim
934 3957 1002 4025 ista
1030 3954 1162 4023 addita·
