2580 4514
485 114 753 181 ..501-

12 226 163 383 ἰδίει.
185 276 293 344 scribe
312 255 415 345 daune
435 301 493 357 τις
535 277 583 348 C..
594 286 635 348 ΙΙ.
659 280 751 363 748.
771 302 800 351 c.
819 284 854 352 in
874 287 1003 354 νοιΙιίει
1024 290 1081 357 καλ
1103 285 1165 359 οὐκ

12 438 23 481 3
72 378 117 446 ἀν
139 377 269 461 (οἶμαι)
290 383 448 469 φαίημεν,
470 366 662 460 Ἀ’μιιλλιέαν
643 408 728 462 ηττοι
747 393 914 468 γεγονέναι
934 387 1044 455 διά
1011 415 1069 457 τον
1089 388 1163 457 θά-

12 542 15 551 ,
70 502 195 560 νοιτον,
231 478 306 547 οὐδὲ
325 485 434 562 νίκην,
463 478 535 547 ἀλλ
561 481 676 548 ἀδικον
696 482 868 569 εὐτυχίαν,
894 513 953 555 του
939 487 1162 575 βάλλοντος,

65 600 133 698 pro
152 578 335 660 Ἀχιλλέα
325 601 369 645 ιιι
382 580 455 646 Ald
477 581 556 647 Bas
578 589 613 648 et
635 584 734 650 Τοιιι.
758 593 811 653 est
827 586 1009 678 Ἀχιλλεὺς,
1040 598 1076 658 et
1103 612 1162 677 pro

68 677 158 760 ἦττοι
179 681 212 746 in
235 669 351 746 Ald.
333 704 452 767 ηττον,
462 681 496 747 in
518 683 596 749 Bas.
619 691 654 751 et
669 678 808 752 Turn·¹
789 713 899 778 ηττυν,
921 691 968 756 uti
988 692 1087 758 etiam
1108 689 1164 758 διά

67 781 112 848 ab
135 781 214 848 Ald.
237 787 271 847 et
292 780 372 847 Bas
395 782 499 847 abest.
542 782 715 851 scrineo
681 786 795 870 igitur:
817 793 874 854 καὶ
897 782 957 854 οὐκ
977 780 1036 872 ἀν,
1059 791 1161 875 οἶμαι,

12 936 20 943 .
69 887 159 972 φαίη
179 884 237 964 μίν
248 872 453 960 Ἀχιλλεὺς
434 905 535 959 ητταυ
555 893 722 966 γεγονέναι
743 885 851 954 διά
819 914 877 954 του
898 887 1064 979 θάνατοι,
1087 891 1163 960 οὐδὲ

68 987 181 1062 νίκην,
221 979 296 1047 ἀλλ’
330 979 445 1046 ἀδικον
481 980 633 1062 εὐτυχίαι
669 989 728 1053 τοῦ
757 987 945 1073 βάλλοντος.
1009 992 1163 1094 Pergitnr

20 1108 30 1116 ·
69 1082 192 1149 deinde
214 1068 300 1148 ἀλλ
309 1078 485 1171 ὁΕκτωρ.
529 1086 574 1151 lb.
599 1084 689 1152 748
710 1107 739 1154 c.
761 1090 920 1157 caeca
864 1093 1033 1199 leguntur.
1054 1098 1163 1159 taetra
1204 1098 1213 1111 “
1279 1095 1285 1105 ’

70 1182 162 1276 (scr.
185 1181 317 1270 ducatui]
346 1181 467 1259 όΖεός
488 1189 533 1299 tp}
556 1185 716 1270 Μενελάῳ
738 1193 794 1268 τῆς
813 1190 920 1272 μάχης
942 1190 999 1283 (in
1021 1195 1098 1260 Ald
1127 1201 1162 1262 et
1200 1266 1205 1271 ,

70 1287 153 1353 Bas·
175 1291 229 1354 est
250 1287 352 1351 minus
373 1285 459 1352 benc
479 1309 519 1369 τη
505 1281 708 1375 μάχη)
675 1312 713 1352 το
734 1290 889 1375 βραβεῖον
910 1290 1088 1373 ἀπέδωκεν,
1117 1300 1162 1359 εί·

67 1384 163 1454 caia:
205 1387 298 1465 Νίιιη
324 1384 441 1469 μὲνδὴ
463 1382 595 1473 φαίνετ’
628 1383 805 1474 ἀρηὶζοιλου
826 1389 1004 1458 Μενελάου.
1034 1397 1162 1478 γελοῖον

68 1486 146 1574 γὰρ,
168 1493 197 1553 εί
217 1485 274 1553 τόν
294 1489 352 1571 μίν
373 1484 459 1552 πόδα
478 1491 602 1565 ἐνίκησε
622 1485 797 1574 πόρρόιθεν
818 1487 1048 1576 ἀκουτίσαςμη
1061 1517 1160 1583 προσ-
1247 1519 1248 1523 ’

68 1584 277 1668 δσκησαντα,
320 1588 398 1669 μηδὲ
426 1585 653 1674 φυλαξάμενον
665 1633 675 1667 ,
708 1590 768 1653 τοῦ
783 1607 786 1613 ’
799 1588 831 1654 δ’
864 1590 1082 1677 ἀπειπαμένου
1101 1597 1160 1662 κοιλ
1284 1570 1289 1574 .

68 1691 345 1775 δραπετεύσαντος
365 1689 424 1752 καὶ
443 1685 644 1764 καταδύντος
664 1694 709 1764 εἰς
729 1687 805 1766 τοὺς
826 1688 967 1771 κόλπους
978 1697 1033 1774 τῆς
1047 1719 1161 1778 γυναι-

68 1787 129 1867 κός
150 1781 377 1870 ἐσκυλευμένου
398 1788 530 1874 ζῶντος,
558 1786 619 1874 οὐκ
640 1788 731 1869 ἀξιος
751 1779 790 1868 ἦν
811 1789 854 1856 τὰ
875 1791 1041 1882 νικητήρια
1063 1801 1160 1883 paepo-

67 1891 160 1957 σθαι
189 1888 277 1954 κατὰ
302 1887 359 1967 τὴν
387 1885 490 1952 αὐτοῦ
517 1887 691 1976 πρόκλησιν
718 1894 841 1957 ἐκείνου
868 1899 1020 1978 κρείττων
1046 1899 1161 1983 φανείς

67 1993 126 2057 καὶ
149 1986 396 2076 περιγενόμενος.
439 1988 731 2058 Demonstraturus
753 1999 807 2060 est
827 1995 980 2082 scriptor,
1001 2015 1084 2084 enm,
1105 1997 1161 2083 qui

67 2092 189 2178 fugiat,
214 2093 320 2177 ipsum
343 2090 546 2177 concedere,
575 2111 613 2158 se
636 2112 715 2160 esse
736 2095 857 2160 victum
879 2102 913 2162 et
935 2096 1160 2164 adversarium

66 2210 148 2262 esse
162 2194 333 2282 victorem,
352 2193 395 2258 ad
417 2192 500 2279 quod
523 2193 771 2260 confirmandum
793 2197 944 2282 exemplo
966 2198 1065 2262 utitur
1081 2198 1159 2265 Me·
1255 2208 1256 2212 ’

69 2296 160 2364 nelai
189 2303 224 2360 et
251 2293 392 2360 Paridis.
439 2293 593 2382 Jupiter,
623 2295 746 2381 inquit,
777 2301 841 2369 tum
870 2297 944 2381 ipse
973 2296 1158 2365 Menelaum
1244 2344 1248 2352 ‚

66 2397 228 2464 victorem
258 2394 472 2481 praedicavit.
516 2394 615 2463 Haec,
637 2402 744 2461 autem
773 2397 876 2462 verba
901 2397 1061 2481 ejusmodi
1087 2399 1157 2467 lere
1234 2406 1239 2410 ’

66 2498 236 2565 sententia
257 2495 422 2582 excipiet:
467 2494 634 2561 ridiculum
655 2497 754 2582 igitur
775 2515 874 2575 esse,
902 2498 931 2562 si
952 2497 1073 2583 Paris,
1102 2501 1157 2586 qui

66 2619 151 2670 sane
172 2599 356 2668 Menelaum
387 2601 512 2668 eminus
537 2599 786 2667 vulneravisset
798 2647 808 2680 ,
850 2599 957 2665 victor
984 2586 1156 2680 diceretur,

65 2724 140 2771 cnm
161 2701 307 2786 fugisset.
354 2702 464 2769 Verba
483 2702 557 2787 ipsa
578 2707 687 2767 tamen
700 2701 792 2786 plura
804 2682 936 2787 liabent,
956 2701 1072 2787 quibus
1080 2704 1155 2785 jure

66 2803 225 2872 offendas.
269 2804 409 2869 Primum
432 2804 534 2869 verba
555 2799 727 2884 πόρρωθεν
749 2798 925 2878 ἀκοντίσας
946 2800 988 2868 ad
1003 2801 1155 2870 Paridem

66 2924 148 2973 esse
179 2902 376 2980 reserenda,
409 2921 453 2968 ex
475 2902 616 2968 Homero
644 2907 785 2968 constat.
828 2901 926 2970 Paris
955 2907 1155 2970 tamencum

65 3025 133 3074 non
156 3006 201 3070 sit
222 3004 404 3070 nominatus
422 3003 458 3070 in
479 3001 761 3083 antecedentibus
782 3001 843 3069 sed
864 3021 935 3069 cum
955 3001 1057 3067 solius
1079 3002 1156 3070 Me-

65 3107 156 3174 nelai
177 3124 293 3170 nomen
316 3103 360 3170 sit
382 3104 529 3183 allatum,
551 3104 580 3169 si
600 3103 841 3189 grammaticam
863 3104 1020 3170 rationem
1042 3102 1154 3190 sequi·

66 3227 156 3291 mur,
183 3224 245 3291 quo
277 3222 318 3270 ea
343 3203 628 3283 reseramus,non
657 3193 825 3269 habemus,
874 3205 985 3291 Atque
1013 3203 1044 3269 si
1071 3203 1156 3272 lrunc

65 3307 227 3374 hominem
250 3302 283 3369 ut
305 3304 528 3371 adversarium
549 3303 692 3370 Menelai
719 3305 804 3371 satis
831 3310 942 3371 notam
968 3303 1071 3394 fuisse
1092 3306 1155 3373 di-

64 3425 139 3493 ceet,
175 3407 238 3471 lroc
259 3412 349 3471 certe
372 3425 435 3471 non
457 3403 612 3488 negabis,
648 3404 819 3472 articulum
840 3401 859 3470 ὁ
881 3413 959 3472 ante
979 3404 1154 3490 πόρρωθεν

63 3504 241 3581 ἀκοντίσας
252 3506 353 3572 luisse
367 3504 559 3572 addendum.
582 3501 653 3570 Sed
669 3506 699 3570 si
713 3505 811 3572 Paris
827 3505 1008 3590 subjectum
1020 3513 1084 3588 est,
1105 3507 1153 3573 nti

64 3627 144 3675 esse
165 3605 283 3685 debet,
305 3605 347 3672 ud
369 3604 460 3685 ἀξιος
480 3593 519 3683 ἦν
540 3604 718 3689 subjectum
747 3605 860 3692 deest,
888 3604 988 3692 quod,
1017 3625 1087 3672 cum
1109 3606 1151 3674 ad

63 3711 123 3774 τοῦ
146 3705 364 3787 ἀπειπαμένου
381 3707 431 3772 sit
454 3701 601 3793 Πάριδος
622 3706 852 3794 supplendum,
882 3705 1055 3772 Menelaus
1077 3707 1149 3773 crit¹

62 3806 308 3876 Deinde-recte
326 3810 393 3892 jam
415 3805 499 3873 vidit
520 3805 689 3892 Xylander
719 3805 778 3874 τόν
796 3809 854 3889 μὲν
874 3802 960 3871 πόδα
983 3809 1149 3884 ἐνίκησε-

62 3907 242 3983 ἀκατίοις
263 3909 374 3994 inepte
397 3906 474 3975 esse
496 3906 626 3995 dictum,
645 3926 709 3994 qua
723 3907 765 3975 de
779 3925 878 3974 causa
892 3906 992 3972 Turn.
1007 3911 1047 3973 et'
1058 3905 1149 3971 Vulo.

61 4009 166 4078 verba
186 4008 235 4073 sic
257 4008 427 4079 ordinante
448 4005 584 4091 τὸνμὲν
605 4012 729 4086 ἐνίκησε
754 4003 840 4074 πόδα
868 4013 901 4075 et
926 4006 1019 4074 Vulc.
1048 4025 1148 4094 prae·
