2580 4514
568 142 837 207 ..204-

160 306 227 375 ἀπὸ
238 311 303 375 τῶν
313 310 485 394 γυναικῶν,
505 306 567 374 οὐκ
578 304 643 373 ctat
658 306 944 395 τῶνᾶνδρῶνιῖη·
966 304 1243 387 oduaridem&-

161 416 263 491 γονεῖς
273 406 363 498 παρά
381 416 476 496 ’σφισι
489 409 684 491 νομίζεσθαι
700 406 777 485 τοὺςΙ
791 406 857 473 ’ἀπὸ
870 410 936 474 τῶν
945 406 1069 475 ἑκατὸν
1084 410 1244 475 ornem

162 516 326 591 γομένους.
351 509 391 573 ln
408 509 499 573 libris
515 510 600 574 enirn
614 516 666 575 est
679 530 740 595 pro
751 514 886 588 οἵη-τός
897 506 947 589 τό,
969 510 1003 575 in
1018 510 1103 577 Urb.
1117 506 1245 587 εΙέτὸοι

163 607 243 675 οἷον.
251 610 327 677 Urs.
339 611 527 695 suspicatus
537 615 591 674 est
602 611 699 689 ἐστὶν,
706 610 864 676 lleislrius
876 600 1244 697 aendaroro,Sclrwcigl.

163 709 254 776 dedit
281 698 410 795 quiden
437 715 503 788 εἴη,
546 709 741 796 improbavit
767 718 877 777 tamen
905 710 970 777 boc
989 710 1066 797 ipse
1089 716 1129 775 et
1148 710 1245 793 maluit

162 812 258 875 ἐστὶν.
302 810 382 875 Mihi
404 812 465 876 hoo
491 828 574 881 sone
603 810 801 897 probabilius
833 828 913 877 ease
941 810 1051 876 visunr
1080 816 1140 877 est
1165 812 1249 897 quun*

162 915 226 989 εἴη,
260 928 324 975 non
346 898 537 995 negaverim
559 918 668 977 tannen
689 910 868 999 antiquitus
889 909 977 975 uliud
998 908 1099 997 quid,
1127 930 1190 997 quo
1206 910 1247 977 in·

19 1052 24 1059 -
162 1010 275 1094 primis
296 1012 457 1096 scriptura
478 1010 556 1077 Urb.
579 1012 693 1095 ducat,
736 1012 892 1097 seriptum
919 1010 1023 1076 luisse
1051 1008 1173 1079 videri.
1199 1006 1246 1091 Vl,

164 1108 202 1174 7.
222 1109 266 1174 ·in
294 1110 408 1196 fragm.
438 1130 481 1177 ex
509 1111 630 1177 Athen.
661 1110 729 1193 vl,
759 1108 828 1189 18,
855 1106 922 1189 ³⁰·
951 1108 1071 1176 verba·²
1091 1116 1173 1177 sunt
1201 1108 1246 1177 nel

98 1296 101 1302 ι
166 1208 350 1291 Athenaei,
372 1212 419 1277 uti
439 1213 480 1295 τῇ
501 1208 607 1295 ἐνάτῃ,
627 1212 682 1278 vel
703 1212 846 1292 Timaei,
869 1210 915 1276 uti
937 1206 998 1275 ότό
1019 1206 1246 1299 ἀργυρωνήτων

166 1315 201 1376 et
222 1311 257 1375 cll
277 1308 424 1394 ᾐτιῶντο.
447 1310 526 1399 Vll,
548 1311 583 1375 u.
605 1308 645 1377 τό
667 1308 744 1376 ὅλον
763 1312 848 1378 male
869 1310 968 1378 abest
988 1310 1020 1375 in
1037 1298 1246 1397 negano.

165 1415 305 1477 Vesont.
328 1410 432 1490 vttl,
458 1412 492 1476 l.
516 1410 636 1478 xrerba:
659 1409 780 1476 Πολλὰ
800 1415 926 1499 ἱστορεῖ
942 1408 1090 1496 enodari
1119 1412 1248 1495 Ήμαιος

166 1512 360 1597 epitomator
382 1512 550 1599 praefixit,
575 1518 610 1577 ut
632 1531 716 1597 quae
737 1511 779 1577 ab
801 1514 874 1598 ipso
895 1518 1054 1597 excerpta
1075 1518 1248 1599 sequuntur

166 1611 398 1695 intelligantur.
457 1610 495 1678 C.
524 1613 577 1690 X,
606 1609 645 1676 4.
671 1612 800 1697 corrige
828 1613 878 1690 δὲ,
903 1610 1099 1687 ἀκούοντας.
1127 1610 1195 1697 ΧΙ,
1221 1610 1250 1675 b.

167 1707 233 1775 ὃόο
255 1713 339 1789 ἔθνη
360 1717 395 1778 et
416 1712 523 1778 soribe
545 1709 596 1776 δύ’
622 1731 665 1778 ex
688 1710 758 1780 ὃόο.
800 1710 850 1777 lb.
874 1712 911 1779 o.
934 1710 1062 1778 offendo
1083 1712 1120 1777 in
1134 1712 1250 1795 leuau-

168 1810 234 1875 denl
263 1811 428 1894 διαπορεῖν
455 1810 527 1896 ἐξῇ,
554 1810 648 1900 ἀλλ’,
676 1814 779 1878 minus
809 1810 847 1878 8.
875 1813 909 1877 in
930 1814 1126 1899 Διοννοξον·
1153 1801 1250 1897 Ιἦνον.

168 1912 260 1991 Xlll,
278 1909 312 1974 1.
333 1908 373 1976 τὸ
394 1908 481 1996 ἱερὸν
502 1913 629 1996 legitur.
652 1910 688 1977 9.
711 1915 767 1978 καὶ
789 1914 853 1992 ἐπὶ,
874 1912 929 1978 ubi
950 1908 1249 2005 adniccribcntltttc.

169 2010 219 2077 lb.
242 2030 327 2076 nune
348 2012 475 2099 quidem
497 2032 517 2079 e
539 2015 623 2098 conj.
648 2012 751 2078 Gron.
774 2019 808 2078 et
831 2014 950 2080 lteislr.
971 2012 1094 2081 editum
1117 2022 1189 2081 ectr
1207 2008 1261 2103 ἐφ’·

170 2109 219 2187 οἷς
239 2108 282 2176 ἄν
301 2113 359 2177 ναὶ
378 2110 516 2192 τελώνης
535 2105 731 2195 οεμνννθείη
751 2111 772 2192 ἢ
793 2112 970 2197 βάναυσος.
1013 2112 1213 2193 particulam
1235 2108 1252 2193 ἢ

172 2217 280 2277 tamen
302 2232 366 2278 non
389 2212 492 2279 solum
513 2213 607 2279 codd.
621 2213 762 2301 Polybii,
785 2212 846 2280 sed
868 2214 966 2279 etiarn
988 2204 1115 2281 Snidas
1136 2218 1173 2281 et
1191 2210 1255 2281 cod·

170 2312 402 2379 Peiresoiunus
423 2313 594 2401 ignorant,
622 2314 721 2401 idque
741 2320 847 2381 reete·
890 2311 1007 2401 Opinoi
1027 2314 1116 2381 eninr
1138 2314 1200 2383 bic·
1210 2314 1255 2379 lo·

58 2442 60 2447 ·
171 2431 231 2477 ens
252 2434 316 2480 non
338 2420 401 2481 est.
445 2415 530 2480 Num
542 2414 730 2481 Demetrius
751 2414 908 2499 gloriatus
930 2432 1010 2480 esse
1025 2412 1157 2495 dicitnr,
1177 2412 1256 2503 qnod

170 2515 270 2582 multa
291 2523 326 2582 et
346 2515 404 2582 vili
432 2516 537 2601 pretio
572 2522 715 2582 veneant
743 2522 779 2582 et
808 2513 894 2601 qnod
922 2514 1038 2601 copiae
1067 2512 1112 2583 ad
1127 2528 1130 2535 '
1143 2516 1255 2591 νίοίοιο

170 2617 381 2682 necessariae
403 2636 463 2683 sua
491 2634 554 2701 ope
581 2615 757 2682 abundent.
800 2616 875 2681 llue
905 2632 944 2681 re
965 2622 1080 2681 autern
1107 2634 1176 2685 non
1198 2620 1290 2711 tun¹

142 2802 145 2808 ι
170 2717 281 2803 opifex
303 2736 397 2803 quam
419 2715 609 2804 publicanus
631 2719 760 2803 poterat
773 2714 917 2800 gloriari.
960 2714 1058 2784 Unde
1075 2714 1256 2783 llenretrins

173 2837 194 2883 a
222 2816 427 2883 Demochare
453 2817 621 2882 illiberalia
651 2818 726 2883 sive
752 2815 856 2882 malus
882 2814 987 2896 (male
1014 2816 1108 2883 eninr.
1124 2816 1182 2881 istl
1201 2814 1256 2881 lro-

57 2907 62 2914 ’
172 2916 277 2983 mines
292 2924 386 2982 erant
402 2918 522 2995 notati]
535 2914 728 3003 publicanus
740 2922 796 2980 est
809 2924 961 2982 vocatus.
986 2914 1049 2981 ll.
1071 2912 1256 3001 scnwdgl.

171 3036 374 3104 nequaquam
396 3036 467 3083 curn
490 3018 616 3104 Toupio
637 3019 693 3081 καὶ
714 3013 753 3094 δὴ
781 3012 832 3081 ὅτι
859 3015 1012 3083 scribere
1033 3014 1180 3085 debebat
1205 3030 1258 3101 pro

175 3122 233 3184 aut
255 3115 355 3196 διότι,
383 3119 468 3206 quod
491 3137 605 3184 ornnes
627 3123 759 3182 tuentur
778 3116 864 3182 libri.
907 3114 1018 3183 Carisa
1039 3116 1133 3183 enirn¹
1148 3114 1259 3207 idoneo

174 3238 230 3284 our
251 3218 290 3297 δὴ
312 3219 451 3286 addatur
472 3220 527 3285 vel
545 3214 628 3282 διότι
645 3225 795 3291 mutetur,
816 3236 952 3303 prorsus
965 3226 1029 3289 non
1042 3214 1163 3283 adest·
1173 3214 1259 3293 xlv,

175 3319 212 3384 7.
235 3321 363 3404 corrige
383 3321 481 3384 τοῦτο
503 3315 774 3401 ἀναγκαιότατον.
819 3316 934 3384 Facile
955 3324 1065 3384 lamen
1086 3316 1178 3383 scre!
1187 3316 1259 3403 XV,

175 3417 211 3484 3.
241 3415 304 3508 0153
329 3417 398 3485 Ἐν.
422 3420 457 3485 5.
483 3416 713 3506 ἀποφαίνεται.
735 3416 801 3496 Εἰ,
828 3436 892 3483 non
915 3418 961 3484 tta
983 3412 1259 3485 lifrinrjnmldw

174 3523 228 3599 ἔτη
249 3519 405 3604 γεγονώς,
427 3520 479 3586 ubi
501 3524 574 3605 ἔτη,
596 3517 682 3607 qnod
703 3519 736 3584 iu
758 3517 853 3584 codd.
876 3518 1007 3607 Polybii
1027 3516 1260 3607 dceslslccc·

174 3631 262 3710 ptum
284 3629 402 3688 estex
424 3618 536 3687 Suida.
580 3620 739 3685 Fortasse
768 3622 824 3696 ἔτη
852 3626 929 3704 post
955 3614 1097 3703 γεγονότι.Ἰ
1110 3616 1261 3687 bottaeu-

173 3732 240 3789 tum
263 3723 323 3789 fnit
345 3728 380 3788 et
400 3720 477 3786 inde
500 3720 634 3786 excidit.
679 3720 760 3805 Cap.
783 3722 883 3807 XVI,
907 3718 942 3784 l.
974 3720 1008 3784 in
1029 3714 1122 3811 παρὰ
1140 3714 1260 3803 'filiani

173 3830 270 3909 ἑτέρῳ
292 3822 376 3888 male
397 3821 623 3902 accusativus,
654 3840 748 3906 quem
776 3819 849 3885 libri
871 3819 1059 3905 praebent-s
1077 3836 1100 3893 c
1119 3814 1259 3885 cmnlt.

174 3925 207 3989 in
250 3923 395 3989 dativum
438 3927 492 3986 est
535 3927 702 4009 mutatos,
766 3927 922 4006 recteque
964 3912 1048 3986 ba'ec
1074 3916 1262 4005 'adscribat

176 4023 391 4111 Sohrneiglm
434 4021 603 4111 „Videtur
623 4021 738 4091 eudern
760 4023 893 4092 notione
917 4016 1049 4107 {anull
1067 4018 1263 4099 alterurn)
