2580 4514
509 146 783 210 -tle-

89 308 222 403 iuvene
240 313 384 401 scriptos
408 312 520 403 lilrroo,
540 313 584 381 ed
604 332 686 400 quos
707 330 809 401 supro
828 319 1096 380 commemorem
1116 320 1194 381 ore·

96 413 210 483 tiones
232 415 369 502 referes,
391 415 549 499 ejusmodi
571 416 661 482 vitiis
682 434 748 481 uon
769 414 951 482 maculatos
971 414 1078 483 viden
1105 416 1195 481 Num

96 517 279 583 verisimile
308 534 387 582 eene
413 516 529 603 olicae,
566 516 722 600 juvenem
749 516 803 602 qui
826 536 922 583 ouum
953 535 1033 583 esse
1062 514 1193 581 (luxerit

98 618 208 683 loiotius
230 619 263 682 in
285 636 438 682 nemone
455 619 604 698 evitare,
645 618 759 682 libnun
780 616 944 705 edidisse,
972 617 1029 703 qui
1050 617 1092 681 iio
1114 635 1194 685 sce·

99 710 215 784 tereti
239 720 294 805 At,
315 719 459 803 inquies,
478 726 520 784 et
537 719 620 784 hoec
641 719 747 784 ultera
768 724 823 783 eet
844 719 937 797 cotio,
960 736 1023 803 que
1044 717 1130 783 hone
1151 717 1192 781 li-

96 816 148 886 bri
169 818 387 884 conditione·
409 818 577 904 explicare
600 821 710 904 possis
717 866 727 906 ,
754 824 835 884 eruut
863 819 1087 901 „collectaneo
1108 836 1191 903 quoe

99 918 250 985 «licuntur
271 919 324 985 vel
345 921 555 998 novenni,
586 922 621 984 iu
642 938 728 1006 quae
747 925 843 1005 prout
862 919 993 997 eccesie
1022 922 1193 989 offerretur

100 1038 313 1107 quoecuouque
334 1021 529 1108 conjiceret,
559 1040 643 1108 quoe
664 1018 707 1087 ool
729 1020 845 1086 decem
865 1026 1016 1087 oratores
1044 1021 1193 1107 pertiue-

99 1127 194 1202 rent,
223 1140 334 1186 eorum
355 1122 444 1187 vitos
464 1122 538 1187 olim
560 1141 603 1188 ex
625 1122 739 1187 ordine
762 1127 979 1205 accurateque
1007 1121 1193 1207 descriptu-

100 1227 190 1287 rus.“
235 1220 327 1302 Quae
348 1228 401 1287 est
424 1223 674 1288 Westernouni
695 1221 862 1287 sententio
884 1241 914 1306 n
936 1218 972 1284 ei.
999 1221 1052 1285 liis
1079 1222 1192 1288 verbis

97 1323 249 1409 prolato,
285 1343 392 1408 oeque
414 1326 519 1389 miuus
540 1322 584 1388 il.
607 1320 720 1388 Woltii
741 1322 784 1388 od
806 1322 891 1386 Plut.
915 1320 1009 1386 Dem
1032 1321 1073 1384 Τ.
1098 1320 1137 1385 V.
1160 1340 1191 1407 p,

97 1422 191 1488 31⁰.
216 1432 251 1490 et
265 1425 306 1490 A.
325 1424 464 1490 Beckeri
486 1426 520 1489 iu
534 1423 695 1489 Andocid.
718 1444 748 1508 p.
765 1420 853 1486 13⁰.
875 1422 1090 1508 ‚,Ul)icuim,“
1111 1440 1191 1508 per·

94 1528 149 1612 git
177 1526 456 1592 Westermounos
484 1546 515 1611 n.
539 1524 576 1586 ἵ).
604 1572 625 1613 ,,
638 1544 695 1591 reo
723 1525 816 1610 lpsos
841 1525 982 1609 scriptor
1012 1523 1129 1609 raptim
1155 1527 1192 1588 et

95 1633 196 1712 prout
216 1628 346 1692 eccesie
367 1627 464 1695 dotrir
486 1627 518 1691 iu
539 1627 686 1693 ohortum
705 1624 855 1708 conjicit,
889 1623 922 1688 iu
948 1624 1117 1709 ekgnntio
1136 1621 1190 1687 ‹li-

94 1728 219 1792 etiouie
240 1734 276 1791 et
296 1728 519 1793 concinnitate
541 1727 625 1793 lruucl
648 1728 737 1793 solet
756 1744 888 1811 operum
912 1724 1093 1812 collocare,
1123 1742 1191 1791 non

93 1844 142 1893 ex
163 1826 248 1892 omui
268 1845 391 1911 genere
405 1828 562 1893 orationis
586 1828 740 1893 lloeoulos
759 1827 887 1912 carpit,
909 1825 1191 1912 sedoimpliu'ooi-

94 1946 151 1994 mo
172 1946 300 2014 quoque
319 1934 414 2014 prout
434 1924 576 1994 mentem
597 1929 684 1995 subit
704 1928 807 1995 verbo
827 1928 941 2009 utitur,
960 1925 1132 1993 dummodo
1146 1926 1189 1994 ile

94 2048 163 2116 quo
185 2030 308 2114 cogitet
329 2031 419 2096 notio
441 2031 472 2097 ei
492 2031 642 2114 subjecte
663 2031 729 2120 sit3
772 2029 835 2095 siet
853 2029 987 2111 wibit,
1016 2047 1080 2095 nou
1102 2028 1188 2095 aliie.

94 2130 140 2197 Si
170 2130 246 2216 quid
267 2132 366 2215 igitur
387 2131 420 2196 in
450 2132 525 2197 istis
553 2131 671 2197 decem
699 2135 861 2197 oretorun
890 2129 970 2195 vitio
996 2136 1054 2197 eut
1079 2130 1188 2217 negli-

94 2237 217 2319 genter
246 2239 301 2298 out
327 2233 534 2318 ineleganter
553 2239 611 2300 erut
640 2250 754 2318 porum
784 2236 875 2297 recte
911 2230 1067 2315 scriptum
1096 2235 1189 2300 inve·

95 2334 210 2420 neris,
252 2352 294 2398 ue
324 2341 422 2420 potes
443 2335 505 2400 hue
527 2334 569 2398 oie
590 2350 693 2398 causo
713 2331 747 2397 id
767 2349 789 2396 e
812 2329 987 2396 Plutarcho
1007 2332 1189 2415 proiectum

94 2448 263 2502 essenon
285 2448 403 2521 posse,
445 2435 531 2521 quod
551 2435 586 2498 iu
607 2432 742 2519 reliquis
763 2432 834 2517 elue
855 2429 989 2516 nuper
1009 2430 1096 2497 luoud
1117 2433 1188 2498 exi

92 2556 192 2621 guum
206 2544 370 2623 uocurnte,
392 2537 562 2621 eleganter
583 2541 682 2621 utque
703 2539 795 2599 recte
815 2531 946 2598 dicendi
964 2531 1107 2598 etodium
1126 2531 1190 2598 ile-

95 2636 328 2723 prehendatur.
374 2638 518 2702 lotereot
539 2637 626 2702 euim
645 2634 766 2720 aliquid
786 2634 846 2698 tibi
868 2632 996 2698 scribon
1017 2649 1059 2703 eu
1081 2631 1188 2699 eliis.“

93 2738 145 2803 At
169 2738 341 2804 verissime
363 2738 526 2804 Froolcios
555 2739 752 2802 incensore
779 2734 1084 2800 Weotenuouuiuni
1116 2735 1188 2798 libri

97 2837 160 2918 (V.
181 2836 323 2903 Seebod.
346 2840 443 2913 John.
465 2846 499 2904 et
521 2837 631 2902 Klotn
653 2835 771 2901 Aunol.
795 2834 853 2913 lv,
875 2834 952 2923 xli,
973 2831 1008 2898 e.
1030 2852 1063 2919 p.
1080 2832 1187 2914 214.)

95 2938 155 3002 isti
177 2940 364 3005 sententiae
385 2939 468 3005 hoec
490 2939 657 3024 opposuit:
686 2938 799 3002 Weuu
819 2952 894 3001 mon
916 2936 948 2999 in
970 2935 1084 3003 dienen
1107 2938 1188 3002 vitio

95 3036 334 3104 Collectnueen
361 3038 465 3105 sehon
492 3039 578 3124 will,
620 3056 658 3103 so
685 3056 776 3102 muns
797 3053 871 3101 mun
897 3037 1011 3103 seinos
1036 3033 1094 3127 (ul.
1115 3036 1189 3101 lte-

91 3133 213 3228 eeos.)
235 3136 423 3206 Erochteus
445 3139 529 3206 noch
554 3141 650 3206 eiuen
671 3135 899 3204 beleuteooleu
921 3133 1050 3202 Selritt
1071 3138 1197 3204 welter'

95 3238 196 3326 thou,
217 3239 281 3306 uod
302 3241 501 3322 onnehmeu,
521 3239 604 3307 does
625 3241 688 3305 wir
709 3238 742 3303 iu
765 3237 890 3305 diesem
912 3238 1119 3320 Werliclren,
1148 3258 1187 3306 so

94 3339 165 3404 wie
186 3358 224 3404 es
247 3360 308 3406 uos
327 3342 477 3407 erhulten
500 3342 557 3422 iet,
600 3342 674 3409 eine
695 3341 977 3426 Ueberurbeitung
993 3342 1091 3424 jener
1112 3340 1187 3409 Col-

93 3436 268 3508 lectoueeu
299 3443 470 3520 besltmm
513 3442 594 3509 dees
623 3441 740 3528 irgeod
760 3441 905 3508 Jemoud
926 3437 992 3530 (nu
1014 3440 1193 3535 Lonorius·

95 3538 189 3606 Elrre
210 3547 335 3608 museto
355 3561 430 3609 oraro
452 3543 649 3630 ouuehmeo,
690 3541 772 3608 unns
793 3558 832 3606 er
853 3562 894 3607 eo
916 3542 1007 3607 uiclrt
1027 3561 1186 3628 geiveseu
1247 3532 1250 3537 ’

94 3637 170 3732 sei)
196 3642 261 3708 deu
289 3644 413 3710 suelliclr
448 3644 633 3710 theilweise
668 3661 728 3726 erg
764 3643 1008 3726 mlesluogeneu
1037 3642 1186 3707 Versuclr

92 3745 246 3828 gemocht
269 3743 362 3823 holte,
386 3746 440 3811 die
463 3764 528 3810 von
552 3742 708 3808 Plutarch
727 3742 962 3827 gesommelteu
977 3742 1184 3808 Materialieu

92 3863 137 3908 uo
159 3846 264 3910 einem
287 3846 428 3912 Goureu
449 3864 492 3910 ru
514 3845 648 3930 ordueo.
699 3846 786 3911 Nem
816 3844 869 3929 qul
897 3843 983 3930 quod
1010 3843 1090 3927 legit
1122 3860 1187 3907 ex-

92 3947 217 4032 cerpit,
260 3946 307 4011 ite
334 3947 420 4013 solet
451 3948 647 4028 instituere,
690 3952 727 4011 ut
748 3945 862 4012 eodem
883 3964 948 4031 quo
971 3943 1051 4030 legit
1072 3944 1186 4012 ordine

90 4053 254 4132 excerpat
289 4043 413 4138 (verbu
448 4056 525 4113 suut
552 4048 734 4113 Westerm.
764 4046 797 4111 in
824 4046 846 4110 l.
877 4060 904 4109 e
918 4064 963 4207 ἐς.
995 4042 1030 4111 e.
1056 4062 1090 4111 n.
1118 4042 1186 4138 9.).

967 4150 982 4183 i
