2564 4508
440 141 928 226 .·-.76,·-’

166 332 199 398 p.
224 327 291 397 qrs.
328 315 363 376 et
391 331 442 393 yn.
469 307 548 375 ΕΦ.
582 310 659 384 I’ar.
687 310 716 376 1.
746 310 831 394 Aug.
861 309 887 374 Ι.
916 314 952 374 ct
978 328 999 375 a
1024 309 1141 376 Reisk.
1168 303 1253 378 Ἑλ·

166 415 257 491 λιισιιι
283 408 422 483 additur.
485 405 622 499 (domino
649 411 711 476 hoc
748 412 880 491 verbum
915 410 1008 477 modo
1044 408 1121 476 addi
1156 409 1254 476 modo

166 513 268 578 omitti
296 511 488 577 modo-com
521 510 618 588 ἄλλος
652 513 827 598 permutari
863 511 994 577 ostendi
1027 511 1171 597 pluribus
1208 507 1253 579 ad

164 614 265 678 lsocr.
295 612 415 697 Areop.
454 633 486 698 p.
516 611 605 676 310.
655 612 695 677 ln
728 613 800 678 loco
840 610 933 692 126,
955 610 1017 677 ob.
1052 613 1086 677 in
1110 613 1251 678 ¹verbis:

166 710 251 788 ὅπως
271 710 440 800 ἐλεύθεροι
460 716 523 778 καὶ
537 710 670 794 μηδενὸς
690 715 801 778 δοῦλοι
828 718 954 779 ἔσονται
985 714 1250 796 exspectaverit

163 811 351 897 γενήσονται
377 832 436 899 pro
465 816 610 893 ἔσονται,
654 815 729 900 q'oia
755 834 819 879 non
846 814 879 879 id
901 815 1021 898 agebat
1041 812 1249 900 Euphraeus,

164 933 208 981 nc
230 915 319 980 servi
341 920 457 980 essent
477 913 672 1005 (Philippos
694 916 779 981 enim
800 916 879 981 urbe
899 914 1039 981 nondum
1068 918 1141 980 eiot
1161 917 1251 1001 poti-

164 1010 241 1105 tus)
262 1014 323 1080 sed
345 1033 388 1081 ne
409 1016 499 1081 servi
520 1015 645 1085 fierent.
688 1016 827 1081 Videtur
848 1022 971 1096 tomen,
993 1017 1068 1102 quin
1088 1015 1183 1082 simui
1201 1017 1249 1083 'ad

71 1152 74 1159 ·
163 1114 327 1202 ἐλεύθεροι
349 1121 402 1182 est
422 1116 642 1195 referendum,
685 1136 706 1182 o
728 1116 950 1182 Demosthene
964 1136 1055 1193 ¹esse
1077 1118 1272 1202 scriptum,¹

162 1226 199 1286 et
219 1219 413 1302 conjecerim
433 1226 509 1307 post
528 1217 659 1300 μηὸαιὸς
680 1219 858 1304 antiquitus
885 1215 961 1282 illud
990 1220 1117 1283 ἔσαιται
1144 1218 1247 1286 foisse

79 1333 80 1337 ’
163 1320 363 1386 collocatum.
420 1319 591 1386 Accedant
618 1319 758 1406 denique
786 1319 890 1385 verba
927 1316 1024 1404 1⁶27,
1047 1315 1110 1383 64.
1141 1318 1247 1398 ἐπειδὴ

162 1431 230 1497 τοῖς
251 1416 334 1496 ὅλοις
354 1417 523 1497 η’ττασθαι
543 1418 694 1502 ἐνόμιζον,
717 1439 800 1506 quae
822 1439 885 1485 uon
906 1426 1044 1505 possunt
1065 1420 1098 1484 id
1111 1420 1245 1504 signiti-

162 1542 256 1600 carc,
279 1520 363 1607 quod
385 1521 541 1605 Rddiger.
565 1523 653 1588 vult:
696 1542 808 1608 quom
831 1526 1027 1606 putarent
1043 1514 1102 1585 'se
1131 1522 1247 1587 vinci

74 1682 77 1687 .
162 1623 228 1690 vel
251 1623 518 1689 succumbere
539 1623 578 1686 in
600 1642 645 1688 re
666 1642 818 1688 summa
838 1623 909 1688 vel
937 1622 1116 1708 publica.
1157 1623 1246 1688 Nam

161 1731 272 1790 orator
301 1741 419 1788 causas
450 1723 656 1808 expositurus
678 1730 745 1805 est,
776 1743 833 1789 cur
858 1722 948 1788 moiti
977 1742 1097 1788 morem
1127 1730 1270 1805 gerant.

161 1814 341 1892 oratoribus
363 1841 477 1909 pacem
492 1823 711 1904 suadentibus,
733 1824 892 1890 cedebant
913 1824 1008 1904 enim,
1029 1824 1143 1911 inquit,
1163 1842 1245 1909 pao-

160 1927 275 2006 lulum,
302 1924 377 2011 quia
397 1924 569 2009 potabant,
600 1945 653 2005 se,
686 1927 716 1991 si
735 1926 947 2004 resisterent,
976 1925 1150 1991 interiores
1175 1924 1245 1995 rore

161 2026 331 2113 oppositos
359 2026 534 2091 universae
556 2026 681 2095 civitati
709 2023 868 2119 (‚,dass
895 2027 957 2092 sie
985 2028 1024 2091 in
1055 2025 1127 2092 der
1158 2023 1243 2092 Ge-

161 2126 393 2194 sammtbcit
424 2127 682 2211 unterliegeu
712 2122 933 2217 wiirden“).
976 2127 1023 2192 At
1044 2145 1086 2192 ea
1105 2127 1180 2213 ipsa
1201 2126 1243 2194 de

106 2301 110 2307 ,
161 2247 261 2296 causa
282 2227 463 2314 putaverim
485 2225 526 2292 do
547 2236 623 2314 post
643 2225 812 2307 ἡττᾶσθαι
834 2244 910 2296 esse
934 2226 1136 2306 addendum,
1167 2228 1243 2314 quis

161 2329 301 2396 conditio
324 2328 419 2408 latet,
440 2330 470 2394 si
488 2329 669 2395 oratoribus
691 2322 766 2394 istis'
786 2329 850 2415 ipsi
871 2331 1077 2395 resisterent.

244 2429 283 2495 ln
304 2429 532 2514 Philippica
554 2430 693 2516 quarta
719 2431 839 2496 hiatum
865 2429 977 2496 eadem
1005 2448 1097 2509 cura,
1123 2448 1188 2516 qua
1206 2430 1241 2497 in

159 2532 280 2599 ceteris
302 2532 498 2596 orationibus
519 2532 656 2616 publicis
677 2530 941 2603 aDemosthene
968 2532 1105 2618 habitis,
1130 2532 1242 2597 evito·

157 2642 225 2701 tum
246 2639 410 2717 totamque
432 2635 591 2698 sermonis
613 2633 895 2699 conformationem
917 2630 1054 2698 candem
1080 2631 1255 2713 videmus„

158 2734 250 2816 Quae
272 2735 370 2819 igitur
391 2731 473 2801 vitia
494 2732 651 2815 ejusmodi
672 2733 838 2818 leguntur,
859 2733 934 2815 jore
955 2739 1051 2799 erunt
1072 2740 1239 2819 suspectu.
1263 2810 1268 2817 ,

157 2838 273 2920 ltaque
294 2835 399 2899 minus
420 2831 619 2917 probandum
640 2838 693 2897 est
715 2832 799 2918 qood
824 2831 913 2912 133,
925 2831 962 2898 8.
985 2833 1091 2899 Bekk.
1115 2836 1149 2900 in
1164 2853 1240 2902 ver·

157 2937 223 3002 bis:
258 2937 364 3000 ταῦτα
391 2939 499 3014 μέντοι
528 2934 671 3007 ἐαθέντα
697 2940 773 3018 post
800 2943 909 3015 putator
934 2933 1007 2999 τότε
1033 2929 1120 3025 (scr.
1144 2932 1241 3029 τότ’]

157 3037 292 3124 deterit,
313 3034 395 3120 quod
408 3041 443 3099 et
456 3034 552 3118 volgo
569 3040 603 3100 et
617 3034 649 3099 in
659 3032 818 3101 rrxuv.
833 3036 953 3120 legitur
967 3037 1010 3102 et'
1021 3036 1125 3101 locum
1147 3055 1239 3104 soom

157 3138 277 3223 optime
299 3141 403 3217 tenet,
424 3136 562 3200 refertur
584 3137 668 3200 enim
690 3135 733 3202 od
754 3139 880 3225 πρῶτον
908 3135 991 3220 μετὰ
1018 3135 1078 3214 τὴν
1104 3138 1237 3223 εἰρήνην.

156 3239 270 3304 Possit
292 3243 400 3302 tameo
422 3239 518 3302 etiam
538 3234 626 3318 μέντ’
652 3238 758 3302 scribi.
801 3238 885 3304 ltem
910 3237 1006 3322 136,
1023 3237 1084 3302 20.
1107 3240 1142 3304 in
1162 3258 1277 3323 ver-9

112 3394 115 3399 .
157 3338 223 3404 bis:
246 3333 346 3402 αὐτὸν
368 3335 459 3419 οἶμαι
481 3336 573 3402 οὐδὲν
594 3334 635 3401 ἄν
656 3336 736 3404 ἄλλο
766 3337 814 3421 μὰ
844 3337 919 3414 τοὺς
939 3335 1042 3419 θεοὺς
1061 3336 1238 3419 εὔξασθαι,

157 3461 222 3506 non
242 3439 366 3517 dubito,
388 3439 463 3524 quin
485 3458 555 3504 cnm
577 3440 661 3524 Aug.
685 3440 711 3503 1.
734 3440 826 3505 Hori.
849 3447 884 3505 et
905 3439 951 3504 Σ.
975 3437 1066 3520 οἶμαι
1087 3447 1145 3505 aut
1170 3448 1238 3507 olo·

155 3565 236 3622 μαι,
277 3539 364 3627 quod
387 3540 472 3623 Aug.
494 3539 519 3603 I.
542 3539 634 3605 Harl.
657 3539 733 3605 ΑΜ.
758 3541 852 3626 Tayl.
876 3559 928 3606 me
949 3559 1013 3605 non
1034 3526 1253 3626 improbante¹

156 3642 330 3728 praebent,
372 3647 449 3706 ante
469 3639 517 3723 μὰ
537 3643 581 3707 sit
604 3641 838 3727 collocandum,
882 3660 944 3727 quo
966 3643 1053 3707 sacto
1075 3640 1150 3708 ἀλλ’
1175 3647 1241 3713 erit

155 3740 370 3809 scribendum.
392 3742 551 3808 Fortasse
573 3745 672 3823 etiam
693 3744 863 3810 verborum
885 3741 964 3807 ordo
985 3742 1158 3811 mutandus
1185 3754 1240 3813 est

159 3842 248 3926 138,
271 3839 334 3906 28.
357 3839 381 3904 ἃ
401 3842 711 3928 δεῖ-λειτουργῆσαι
727 3847 875 3923 ἕκαστον,
898 3844 961 3908 nisi
976 3844 1083 3908 mavis
1097 3847 1240 3912 ἕκαστον

155 3966 175 4012 a
196 3942 338 4010 librariis
358 3961 437 4008 esse
458 3941 617 4032 additum,
639 3945 713 4032 quia
735 3946 767 4012 iu
789 3942 853 4012 ὅσα
874 3941 961 4038 (scr.
984 3939 1064 4035 ὅτ’)
1093 3942 1239 4017 ἀκοῦσαι
