2564 4508
497 95 823 161 ·-4⁷a-

143 262 267 348 cerptis
287 268 381 330 tanta
401 262 573 331 verborum
593 261 682 329 tacta
701 270 757 331 est
777 262 921 343 mutatio,
941 260 1148 333 retortum
1164 280 1221 331 ex-

144 364 267 430 sistere
286 370 425 451 possent
446 363 562 430 hiatus

226 465 266 530 ln
287 465 369 531 libra
397 464 448 531 de
471 462 604 531 Genio
626 459 870 533 Socratisc.
890 466 918 531 1.
940 458 1058 531 575.’
1056 482 1085 531 c
1112 464 1221 531 verber

143 588 236 646 οιμαι
257 562 296 643 δὴ
317 568 375 631 και
397 567 468 652 περὶ
495 561 556 637 τὰς
585 562 751 642 ἀληθινὰς
777 563 949 653 πράξεις’
933 570 1053 648 ομοίως
1084 566 1149 631 τῶν
1172 564 1222 643 pt·
1256 640 1260 655 1

20 664 25 685 ’
143 662 327 753 ἀργοτέρων
348 690 387 749 τῃ
374 665 540 746 ’διανοίᾳ
561 661 705 748 ἐξαρκεῖν
725 663 804 751 πρὸς
823 670 986 755 ἱστορίαν,
1017 671 1048 731 εὶ
1067 661 1109 731 τὸ
1128 658 1223 751 κεφά-

145 767 240 830 λαιον
260 762 343 830 αὐτὸ
364 767 422 830 καὶ
442 763 480 830 τὸ
502 771 600 847 πέρας
620 763 784 831 πύθοιντο
805 770 864 833 τοῦ
876 763 1079 852 πράγματος.
1101 766 1223 831 blattea·

144 866 191 930 ita
212 884 232 931 e
253 867 391 948 uuuject.
414 864 530 930 Reisk.
553 883 574 930 a
597 866 854 951 Wyttenbacbiu
876 868 1012 952 prubata
1033 866 1144 947 dedit,
1163 884 1224 932 οοι

143 965 244 1049 vulgo
270 963 328 1044 τὴν
355 963 504 1031 διάνοιαν
535 972 570 1031 et
598 963 744 1031 πύθοιτο
772 969 948 1052 legeretur.
992 969 1042 1033 At
1069 966 1147 1035 mibi
1172 962 1224 1045 τὴν

145 1064 296 1132 διάνοιαν
316 1066 460 1152 ἐξαρκεῖν
482 1067 534 1132 hic
556 1066 670 1132 eadem
692 1069 727 1133 vi
749 1068 869 1135 dictum
882 1087 968 1136 esse
992 1067 1139 1147 videtur,
1171 1084 1226 1153 qm

144 1167 178 1231 in
201 1166 349 1253 Xenupb.
372 1168 470 1233 Mem.
492 1167 536 1248 ll,
558 1165 602 1255 4,
625 1167 661 1232 7.
683 1166 829 1253 ἐξαρκεῖν
848 1175 904 1235 est
923 1174 1130 1255 usurpatum:
1150 1167 1226 1233 satia

147 1271 265 1333 offerre
284 1271 472 1354 ignavorum
495 1275 636 1335 mentem
657 1269 706 1356 id,
748 1271 778 1333 si
806 1270 879 1355 quis
900 1271 1110 1354 cognoverit,
1151 1266 1227 1357 quad

148 1367 267 1437 deinde
288 1369 373 1435 idem
396 1375 473 1455 est,
516 1369 600 1455 quud
628 1370 738 1434 satis
766 1370 935 1435 babere:
961 1370 1139 1435 Nostrum:
1178 1368 1229 1435 lcb
1270 1438 1272 1447 ,

145 1470 364 1553 glaubeaber‚
386 1469 466 1535 dass
487 1471 569 1536 auch
593 1471 644 1535 bei
662 1469 798 1535 wahren
809 1469 1028 1555 Ereignissen
1042 1469 1229 1555 ausgteicba

145 1570 267 1636 Weise
288 1592 349 1635 aur
370 1569 749 1655 Gescbichtserziibiuug
775 1570 830 1637 die
857 1572 1001 1638 Ausicbt
1025 1570 1087 1637 der
1108 1570 1229 1657 Τήρο-

146 1688 204 1734 ren
227 1689 265 1736 es
286 1671 337 1736 als
360 1671 572 1738 binreicbend
593 1670 762 1758 darbiete,
797 1673 820 1737 i.
839 1691 870 1739 c.
892 1673 1043 1753 erisiam,
1063 1690 1164 1739 wenti
1183 1670 1230 1737 ei-

146 1787 207 1835 ner
236 1765 390 1858 (proprie
419 1768 502 1861 sie)
532 1793 592 1837 nur
618 1771 671 1836 die
700 1772 913 1859 Hauptsacbe
939 1774 1048 1839 scibat
1079 1772 1147 1839 und
1173 1770 1231 1837 den

146 1870 307 1956 Ausgang
340 1871 480 1938 ertabre.
544 1872 726 1939 Mutatione
753 1875 817 1940 luci
844 1875 941 1958 igitur
969 1892 1035 1941 non
1061 1893 1148 1960 opus
1173 1877 1232 1949 est.

145 1972 248 2037 Turn.
270 1977 379 2037 autem
399 1992 459 2058 pro
480 1977 508 2037 εἰ
528 1973 669 2057 cnrrjecit
689 1978 790 2048 alget
811 1993 882 2040 cnm
896 1973 989 2040 Vulc.
1011 1992 1072 2060 pru
1092 1970 1232 2039 πύθοιτο

147 2071 246 2139 babet
272 2073 459 2138 πυθέσθαι.
504 2070 541 2138 C.
565 2074 609 2137 ΙΙ.
633 2070 724 2138 576.
749 2093 777 2139 c.
808 2075 840 2140 in
870 2074 1006 2141 verbis:
1048 2072 1234 2163 ἄνθρακος,

146 2170 251 2238 οὐδενὶ
257 2218 268 2253 ,
288 2170 308 2251 ἢ
330 2170 484 2262 Χάρωνι,
505 2175 569 2239 τῶν
589 2171 667 2256 παρ’
691 2170 766 2255 ἡμῖν
787 2171 961 2262 γνώριμος,
995 2181 1110 2263 potest
1129 2174 1235 2243 hiatus

148 2274 323 2364 excusari3
354 2283 625 2361 exspectaveram
647 2282 776 2341 tamen:
804 2274 909 2342 οὐδενὶ
930 2278 996 2343 τῶν
1015 2272 1099 2363 παρ’
1122 2270 1235 2359 ipsud

147 2372 292 2460 Χάροπι.
335 2376 420 2442 ltem
441 2376 561 2441 hiatum
582 2376 758 2441 excusabis
779 2377 812 2441 iu
833 2376 957 2461 verbis,
978 2395 1063 2462 quae
1081 2376 1167 2445 baec
1180 2395 1236 2443 ex·

146 2477 286 2561 cipiuntt
314 2474 429 2555 ἐδήλου
450 2478 502 2564 δὲ,
530 2478 595 2541 τῶν
615 2473 773 2562 φυγάδων
794 2476 891 2553 ὄντας
911 2473 1038 2543 δώδεκα
1057 2476 1136 2555 τοὺς
1156 2494 1235 2543 κτον·

146 2573 264 2652 τατους
284 2575 367 2658 μετὰ
388 2579 493 2643 κυνῶν
514 2579 584 2661 περὶ
604 2573 662 2641 τὸν
683 2574 893 2659 Κιθαιρῶνα
907 2579 1080 2665 θηρεῦσαι,
1102 2572 1236 2662 &carobs

146 2681 283 2763 ἑσπέραν
294 2677 521 2764 ἀφικομένους.
545 2677 597 2742 ubi
610 2696 691 2742 sane
706 2678 862 2762 scriptum
876 2678 921 2743 sit
934 2680 1049 2745 veiimr
1069 2673 1199 2762 ὥςπερὶ
1209 2702 1237 2743 τ·

146 2776 238 2842 Κιθ.
248 2776 475 2865 θηρευοαντας
486 2773 565 2862 πρὸς
575 2780 643 2841 ἑσπ.
652 2772 867 2863 ἀφιξομένους
873 2774 1035 2869 (futurum
1045 2780 1116 2862 jam
1122 2777 1236 2853 steisk.

147 2875 291 2969 maluit).
315 2878 491 2945 Sententia
503 2877 590 2942 enim
605 2881 675 2941 est:
697 2894 756 2940 eas
778 2895 847 2942 cum
860 2878 995 2943 canibus
1007 2884 1045 2943 ut
1060 2885 1238 2947 venatores

146 2998 225 3046 esse
242 2987 410 3046 venturus.
438 2978 557 3044 Potest
579 2983 686 3042 tamen
708 2976 873 3060 vulgatum
894 2976 1036 3063 defendi,
1056 2978 1088 3043 si
1110 2978 1239 3066 statuis,

142 3082 285 3165 juvenes
307 3083 392 3147 istos
414 3099 492 3146 esse
514 3084 672 3165 venatus,
700 3083 735 3144 ut
756 3077 890 3143 Thebas
910 3078 1074 3145 adeuntes
1095 3098 1156 3165 pra
1177 3096 1238 3147 ve-

146 3183 331 3270 pateribus,
353 3201 419 3248 nun
441 3201 500 3267 pru
522 3180 669 3246 exulibus
691 3179 896 3244 haberentur.
931 3175 1165 3264 Ἀφιξομέυους
1185 3186 1238 3245 ta-

146 3301 217 3348 meu
240 3302 310 3346 curn
333 3282 470 3348 Reiskiu
493 3282 629 3347 scribes.
676 3278 713 3344 C.
736 3278 794 3347 lX.
816 3273 907 3343 580.
931 3297 961 3342 c.
989 3279 1022 3343 in
1043 3280 1161 3345 verbis
1180 3302 1237 3367 φι-

145 3384 307 3468 λοσοφίαν
327 3378 393 3448 ἀπὸ
407 3376 618 3463 Πυθαγόρου
633 3379 662 3438 ³⁸2*
673 3376 928 3462 Ἐμπεδοκλέους
948 3376 1122 3461 δεξάμενος
1131 3380 1237 3467 Wyt-

146 3482 337 3550 teubacbius
372 3480 500 3568 quidem
531 3480 705 3566 legendum
740 3501 818 3571 esse
855 3481 986 3565 conjicit
1011 3476 1238 3567 Πυθαγόρου,

144 3579 209 3648 ἀπὸ
231 3584 265 3647 δὲ
282 3580 550 3664 Ἐμπεδοκλέους,
572 3582 633 3648 sed
653 3582 811 3648 Reiskius
832 3584 955 3647 rectius
976 3600 1049 3657 cum
1070 3580 1237 3647 salmasio

144 3685 186 3750 ad
208 3685 353 3751 lacunam
376 3683 571 3769 explendam
592 3683 637 3749 nit
659 3684 724 3747 uisi
744 3685 801 3747 καὶ
824 3680 946 3747 deesse
968 3682 1175 3767 suspicatur,
1203 3680 1239 3749 id

145 3786 230 3871 quud
259 3786 326 3869 jam
356 3785 433 3869 Xyl.
467 3786 643 3871 expressit.
709 3782 746 3849 C.
773 3783 817 3847 X.
848 3779 938 3848 580.
971 3801 1000 3849 e.
1034 3784 1069 3849 in
1103 3784 1239 3869 verbius

143 3882 265 3964 ἥκοντα
287 3887 344 3950 καὶ
364 3881 467 3950 αὐτὸν
486 3881 551 3968 μετ’
573 3885 653 3966 ἐμοῦ
675 3888 720 3961 εἰς
737 3879 886 3961 Ἀθήνας
906 3881 986 3968 πρὸς
996 3880 1139 3967 Κέβητα
1159 3882 1240 3953 ardu

146 3987 318 4053 verborum
347 3992 392 4063 εἰς
415 3982 564 4065 Ἀθήνας
593 3983 661 4068 μετ’
696 3989 776 4069 ἐμοῦ
802 3983 933 4053 videtur
961 3984 1076 4085 fuisse.
1120 3980 1158 4053 G·
1180 3982 1240 4053 XI.
