2564 4508
157 291 315 370 γομλνην,
335 286 394 353 καὶ
413 282 471 354 ὄντ’
496 282 662 353 αὐτοῦτὸ
681 283 908 372 γονιμώτατον
920 278 1126 373 -λιιμμθνλνοιν,Ι
1143 282 1234 375 nequi

158 388 260 476 probo
282 386 428 475 Emperii
449 390 667 474 conjecturam
687 391 734 472 τῷ
755 382 987 475 μονιμοτνὲτμ,
1010 386 1076 461 aed
1097 384 1235 473 ὀρεγομ-

158 510 218 566 aar
245 506 329 554 sane
354 489 614 575 interpunctione
640 510 661 557 a
688 490 812 557 ceteris
838 495 894 554 est
917 486 1235 574 diatingnendnnrot

161 588 406 673 expiioandnm=
429 591 510 657 sibi
532 592 811 677 arripientem.
854 588 902 653 lb.
918 586 1053 656 mr.
1075 588 1236 657 ria-vain:

160 684 242 753 ὅταν
262 690 377 775 ἔρημος
397 693 455 755 καὶ
474 688 558 772 μόνη
578 692 638 755 τοῦ
658 692 718 756 νοῦ
737 688 1007 771 ἀπαλλαττομένη
1019 684 1236 773 μένηταιᾞὶ-

160 790 283 874 pserim
303 792 361 855 καὶ
380 788 464 873 μόνη
484 795 541 857 καλ
563 790 831 873 ἀπαλλαττομένη
850 791 912 855 τοῦ
930 790 1001 855 νοῦ.
1044 788 1094 855 lb·
1108 784 1235 855 ΜΗ.

160 889 194 954 in
216 890 345 955 verbis:
366 887 476 975 χρόνῳ
497 893 532 957 δέ
551 889 704 974 κᾴκελνας
718 888 912 970 κατεδέξατο
926 886 1123 971 alcuiniano)
1137 884 1235 967 ntideo

160 992 219 1055 καλ
234 989 473 1073 κατεκόσμησεν
480 992 656 1078 Wyttenb.
668 989 862 1071 κατεδέξατο
879 992 1039 1079 recepit-o
1049 986 1236 1057 Turnat

160 1089 267 1156 Leon.
280 1089 410 1158 Sohott.
424 1093 531 1159 Anon.
544 1112 616 1158 enm
629 1094 745 1178 vulgo:
764 1090 918 1175 κᾴκείνιις
928 1089 1085 1173 διξνμαο
1095 1085 1237 1169 oedip

158 1185 181 1268 ἡ
195 1188 310 1270 σελήνη
322 1190 561 1275 κατεκόσμησεν
577 1194 730 1260 habeant.
752 1194 790 1259 In
807 1191 883 1257 nid
894 1191 968 1257 eod.
981 1190 1024 1257 B.
1035 1198 1073 1259 ot
1085 1188 1236 1259 auten

162 1297 217 1355 eat
237 1291 433 1374 κατέδειξεν,
455 1301 491 1360 et
512 1295 545 1359 in
569 1294 647 1360 Bas.
668 1303 704 1360 et
724 1294 801 1379 XyI.
825 1290 1007 1374 κατέδοξα,
1028 1292 1078 1357 nti
1099 1290 1237 1359 ολίιιίν

162 1388 241 1456 Bas.
260 1391 338 1479 XyI.
360 1401 396 1461 et
417 1392 490 1460 eod.
511 1394 549 1460 B.
571 1397 717 1461 uariante
728 1390 989 1476 κατιοκόομηοιν
1003 1396 1069 1459 eat.
1091 1388 1239 1479 Equitem

161 1491 339 1573 κατέδειξεν
361 1496 579 1582 probaverim,
601 1496 686 1582 qnod
708 1501 763 1561 est
781 1493 1068 1572 introducere,
1090 1497 1240 1559 nostrum

162 1591 356 1661 einweisen.
400 1596 448 1661 lb.
474 1593 565 1662 945.
578 1596 608 1662 d.
631 1599 664 1662 in
685 1596 816 1662 verbis:
835 1594 954 1659 τοῦτον
973 1592 1042 1680 ἄρα
1061 1590 1144 1682 πρὸς
1161 1586 1240 1671 ἥλιον

161 1695 286 1770 ἔχουσα
305 1695 364 1761 τὸν
385 1695 494 1780 λόγον,
514 1696 553 1762 ὃν
573 1695 656 1787 ἡμὴ
676 1700 741 1776 ἔχει
761 1693 841 1789 πρὸς
860 1691 1005 1773 σελήνην.
1025 1695 1070 1763 ab
1093 1690 1241 1759 nid-at

161 1799 238 1858 aunt
267 1792 304 1860 ὃν
324 1794 346 1874 ἡ
365 1800 422 1883 μῆ,
450 1800 539 1863 etin
560 1797 638 1865 Bas.
659 1798 757 1865 abest
777 1803 839 1863 nrt
861 1792 892 1874 ἡ.
941 1794 1243 1873 itini-antonna

161 1890 335 1961 delendum
353 1915 433 1962 esse
452 1898 593 1964 videtur.
985 1942 990 1947 -
1204 1948 1207 1953 -

247 1994 298 2077 Ita
319 1997 352 2062 in
372 1997 489 2081 viginti
510 1999 652 2086 quinque
672 1999 768 2083 thns
787 1998 862 2064 iibri
881 1996 977 2083 loon,
996 1994 1036 2061 In>
1053 1994 1244 2089 quidmira-

161 2093 254 2160 eaIes
273 2097 320 2162 ita
341 2106 552 2179 oonearrnnt,
584 2107 620 2165 nt
642 2101 696 2186 qni
717 2099 794 2166 inde
821 2099 966 2166 exsistat
993 2096 1124 2186 hinton,
1148 2111 1247 2183 neque

161 2197 441 2285 excusarineqne
461 2201 660 2288 apostropho
682 2201 751 2266 tolii
772 2201 889 2288 possit,
908 2200 943 2265 in
963 2194 1248 2285 praetendens

162 2297 295 2362 variant
330 2318 360 2365 ο.
390 2300 464 2366 XV.
493 2301 619 2366 XXIX.
650 2300 759 2366 XXX.
788 2301 873 2381 bia,
914 2300 949 2365 in
975 2296 1122 2365 andeoirn
1155 2296 1247 2365 etim

163 2395 237 2461 aliis
258 2396 300 2464 de
322 2402 433 2466 oensis
453 2403 587 2468 mutatio
609 2400 900 2467 commendatore.
923 2398 983 2465 IV.
1007 2396 1051 2463 V.
1074 2398 1151 2465 VII.
1162 2396 1248 2463 VIII.

161 2495 205 2560 Χ.
229 2497 290 2565 bis.
318 2500 394 2565 XII.
425 2502 519 2567 XIII.
546 2502 621 2566 XV.
652 2502 776 2567 XVIII.
807 2501 882 2567 XX.
911 2500 972 2567 nia
1001 2496 1095 2565 XXI·
1128 2494 1247 2563 XXIV.

161 2596 321 2666 XXVIII.
343 2601 451 2667 XXX.
461 2650 473 2688 ,
517 2603 551 2668 in
572 2603 694 2669 ceteris
715 2602 856 2689 quinque
878 2600 987 2666 hiatus
1006 2596 1102 2665 eolus
1120 2596 1249 2667 offendit

162 2716 192 2762 o.
216 2699 273 2764 Vl.
298 2702 373 2768 VII.
396 2702 455 2767 XI.
478 2704 587 2768 XVII.
609 2703 717 2768 XXII.
919 2736 922 2741 ·

246 2799 285 2865 In
313 2801 398 2868 libro
426 2803 474 2869 de
501 2805 633 2891 primo
660 2803 816 2888 frigido
852 2822 881 2869 ο.
908 2800 1000 2867 XIV.
1029 2796 1189 2869 Vbist
1219 2798 1250 2865 in

162 2900 292 2965 verbis:
312 2907 341 2966 et
361 2901 426 2992 γὰρ
447 2909 541 2970 αἰτία
559 2911 605 2981 εἰς
626 2902 646 2969 ὃ
656 2899 850 2987 μεταβάλλει
870 2898 910 2966 τὸ
926 2898 1151 2988 φθειρόμενον
1164 2906 1250 2967 δην·

163 3004 234 3066 τίον
260 3007 346 3084 ἐστὶ,
373 3009 411 3068 τί
423 3008 426 3013 ’
438 3008 564 3087 μᾶλλον
582 3029 625 3075 κ.
647 3030 675 3070 τ.
699 3007 728 3070 λ.
774 3002 945 3088 wyttenb.
970 3001 1038 3085 legi
1059 3002 1152 3069 volit
1172 2996 1249 3067 dd

162 3098 219 3188 ἄρ’
245 3100 327 3168 αὐτὸ
348 3111 394 3182 εἰς
415 3104 434 3170 ὃ
454 3104 667 3195 μεταβάλλει,
708 3106 754 3188 τῷ
775 3104 986 3192 φθειρομένῳ
1006 3106 1159 3167 damin
1177 3100 1251 3177 λοτλ

163 3204 200 3265 τί
223 3205 360 3283 μᾶλλον.
402 3206 538 3273 dannot.
569 3198 704 3293 praebet
724 3202 823 3284 αὐτὸ,
851 3196 928 3288 XyI.
954 3202 1103 3288 quaerit,
1128 3218 1177 3269 -nn
1204 3200 1252 3267 Ie·

163 3303 302 3386 gendum
324 3311 353 3370 el
373 3304 438 3393 peip
460 3303 585 3384 ἀεὶτὸ,
630 3307 731 3370 Turn.
756 3312 791 3370 et
814 3306 853 3369 V.
875 3303 998 3369 habent
1018 3300 1252 3389 εἰμάρ--λοτιι

163 3404 219 3469 vei
241 3410 371 3471 ἔνεστιν.
416 3405 547 3471 Deinde
568 3407 667 3491 vulgo
695 3407 792 3472 abest
821 3408 870 3481 τί,
901 3402 985 3489 qnod
1009 3402 1188 3489 Wyttnnb·
1212 3418 1253 3469 ex

163 3507 286 3572 Venet.
309 3507 399 3572 dedit
418 3507 592 3583 adnotans,
615 3506 655 3571 F.
679 3507 800 3572 habere
821 3504 1012 3589 simpliciter
1032 3508 1154 3591 obpro
1169 3504 1253 3581 tort·

163 3628 223 3694 pro
244 3611 281 3672 τί
298 3607 422 3674 addere
445 3605 484 3672 οὐ
505 3609 605 3674 dann.
629 3608 668 3672 T.
683 3607 724 3670 V.
738 3605 826 3671 Mer..
848 3622 870 3670 e
890 3607 1090 3693 eonjeetnra,
1110 3602 1254 3697 datatim

164 3709 265 3774 etiam
285 3726 365 3775 esse
394 3709 540 3791 ejusdem
570 3708 612 3774 Τ.
643 3707 683 3771 V.
710 3709 857 3772 ἐναντίον
879 3702 990 3770 ὁτιοῦν
1017 3704 1165 3786 μᾶλλον.
1206 3700 1255 3771 ni

165 3810 273 3875 scribe
295 3815 323 3874 εὶ
344 3807 408 3897 μὰρ
429 3808 485 3876 διὰ
506 3811 629 3884 καλεῖς
650 3805 669 3872 ὃ
689 3828 720 3871 κ.
740 3830 770 3871 τ.
792 3809 812 3870 λ
848 3813 883 3870 et
909 3803 1031 3871 deinde
1058 3806 1099 3869 tl
1119 3804 1273 3887 μῶλον..

167 3909 452 3996 repostorem
480 3916 558 3975 ante
586 3905 674 3995 ὕδωρ
699 3906 785 3974 adde
817 3905 985 3972 articnInnr
1012 3901 1073 3970 td.-
1113 3898 1255 3973 ΜΠ.

169 4004 261 4076 954.
284 4009 314 4074 b.
337 4029 396 4095 pro
418 4011 476 4090 γῆς
496 4012 605 4095 φυγαί
622 4011 702 4072 εἰσιν
723 4008 868 4091 tortasse
889 4008 999 4094 φυγαί
1015 4006 1074 4085 τῆς
1092 3998 1259 4099 (οι-Η.)
