2564 4508
463 88 766 179 -5bu-'

143 278 238 365 uuae
259 298 331 349 eum
350 279 399 349 ita
418 281 507 361 sint,
537 299 580 347 ex
602 285 677 349 aeto
698 280 733 350 in
755 279 822 350 hae⁴
837 280 920 351 libra
942 279 1049 351 obviis
1069 299 1150 369 gra·
1184 300 1188 310 ·

55 381 208 453 rioribus
228 380 370 451 hiatibus
391 385 463 447 tres
485 382 631 466 corriges
653 381 804 447 librarum
831 383 1028 450 auctoritate
1056 379 1151 453 737.
1176 431 1185 477 ⁴4

57 500 90 553 e·
113 479 208 548 749.
227 500 260 548 a.
283 478 374 547 745.
395 480 440 568 d,
460 487 595 569 quatuor
616 481 691 547 aliis
711 481 754 548 de
775 483 885 549 causis
908 478 999 548 737.
1014 474 1152 549 ε.737.
1207 518 1211 525 -

59 583 82 651 f.
105 579 199 652 ⁷42.
221 582 254 649 d.
274 588 312 648 et
333 579 428 649 746.
447 581 489 663 b,
512 602 608 653 unum
630 581 739 649 hiatus
760 581 864 669 ipsius
886 601 986 651 causa
1008 580 1098 649 743.
1121 583 1152 650 b.

144 689 184 750 In
204 679 418 757 Am'at'urio
441 701 468 749 c.
491 687 517 748 Ι.
542 678 683 748 7491).
712 681 970 771 prothasium
992 683 1100 751 scribe
1120 668 1178 750 a..
1211 700 1215 705 ’

60 781 103 852 Ε.
126 783 167 850 Β.
196 784 270 850 ibam
300 791 467 870 παρεῖναι,
495 784 544 850 uti
570 782 863 850 Wiuekeimannus
893 783 1027 863 edidit„
1048 781 1085 850 C.
1109 788 1152 855 11.

64 881 156 951 749.
179 903 210 955 e.
230 878 290 970 pru
311 888 358 948 tu
381 882 513 951 οἶν-ἔτ’
539 882 593 949 ὢν.
636 884 682 949 lb.
706 879 798 951 749.
821 885 844 951 f.
874 885 906 976 in
930 886 1060 974 verbist
1090 907 1162 953 πονε.

61 981 222 1072 ρεχώρησε
241 986 298 1066 μὲν
321 982 500 1065 (Βάκχων)
522 987 568 1070 τῷ
587 985 710 1066 Πεισία
731 986 789 1051 καὶ
810 987 855 1069 τῷ
867 983 1064 1069 Ἀνθεμίωνι
1074 986 1153 1072 βον-

60 1083 247 1151 λεὺσασθαι
267 1083 305 1150 τὸ
327 1092 514 1172 συμφέρον,
549 1076 594 1153 ὧν
610 1081 634 1160 Ιὁ
654 1087 713 1168 μὲν
734 1082 871 1170 ἀνεψιὸς
892 1083 996 1152 αὐτοῦ
1017 1073 1056 1164 ἦν
1075 1085 1152 1170 βρε-

61 1181 236 1269 σβὺτιρος,
279 1181 297 1248 ὁ
324 1187 359 1250 δὲ
379 1187 518 1261 Πεισίας
540 1183 786 1271 ἀὐστηρότατος
812 1187 877 1251 τῶν
898 1188 1042 1270 ἐραστῶν
1063 1192 1155 1257 recte

62 1282 192 1371 quidem
213 1284 385 1371 Wyttenb.
401 1304 457 1361 ‚ex
479 1284 574 1352 eadd.
606 1286 645 1353 b.
672 1284 715 1351 Ε.
744 1286 824 1353 Bas.
852 1288 910 1368 μίν
944 1284 1029 1372 quud
1057 1286 1154 1369 vulga
1232 1359 1260 1369 ,Α

58 1383 166 1461 abest,
187 1386 324 1472 recepit,
346 1405 410 1452 nnn
431 1392 523 1453 reete
535 1392 653 1472 ‘autem
674 1387 832 1457 Reiskius
853 1383 1072 1472 πρεσβύτατος
1094 1405 1153 1472 pra

60 1481 273 1573 uscudamam
301 1487 462 1571 conjecit,
500 1487 595 1572 pejus
623 1488 723 1555 etiam
738 1487 920 1574 'Xyiander
953 1486 1083 1553 censuit
1110 1484 1154 1572 ad
1263 1493 1265 1498 '

58 1582 304 1673 αὐστηρότατος
326 1587 448 1653 deesse
466 1583 630 1665 αντιθικος
650 1595 707 1655 aut
728 1588 795 1656 tale
816 1585 911 1677 quid,
931 1586 1025 1672 >quud
1046 1586 1154 1673 impu·
1272 1614 1281 1627 ·

58 1686 249 1773 gnationem
270 1686 432 1771 designet.
476 1689 616 1754 Tantum
638 1689 723 1755 enim
744 1689 860 1770 abest,
891 1695 927 1752 ut
948 1686 1060 1755 Pisias
1087 1686 1153 1753 iui-

59 1786 164 1853 micus
185 1788 304 1852 amoris
336 1807 414 1854 esse
443 1788 607 1870 dicatum:
630 1776 665 1855 ut
697 1791 875 1859 acerrimus
902 1789 1000 1855 etiam
1030 1776 1166 1854 amator

60 1892 269 1975 (puerorum)
291 1905 369 1957 esse
390 1889 550 1976 fingatur,
592 1891 645 1977 qui
667 1891 729 1957 hae
750 1889 792 1958 de
814 1908 914 1957 eausa
935 1908 1069 1976 puerum
1090 1888 1169 1956 ali-1

60 2007 158 2077 quem
179 1988 376 2055 amatoribus
398 2009 419 2057 a
440 1991 567 2057 feminis
589 1990 715 2069 detrahi
737 1991 889 2078 uniebat,
917 1989 950 2055 id
972 1987 1056 2083 quad
1077 1989 1155 2055 An-

62 2089 184 2156 themio
206 2091 237 2155 ei
259 2089 339 2155 vitio
362 2093 465 2156 vertit
485 2092 518 2158 in
540 2092 602 2172 iis,
631 2111 715 2179 quae
736 2091 819 2159 haee
842 2091 1030 2177 excipiunt:
1075 2085 1093 2156 ὁ
1120 2089 1156 2155 δὲ

60 2194 147 2270 (ser.
170 2186 200 2254 θ
225 2190 244 2255 i.
268 2208 297 2255 e.
315 2185 518 2275 Ἁνθεμιονν)
540 2199 661 2258 ἐκεῖνον
684 2189 744 2257 οὐκ
765 2188 879 2278 ὀρθῶς
900 2193 986 2274 ἔλεγε
1007 2199 1153 2259 ποιεῖν-
1223 2216 1229 2233 ⁸

62 2308 168 2376 usque
190 2288 233 2354 ad
254 2292 477 2374 παλαίστραις.
521 2290 644 2374 Quibus
674 2290 794 2370 addas,
827 2308 911 2376 quae
940 2291 1015 2376 ipse
1043 2289 1162 2376 Pisias¹
1276 2313 1279 2317 ·

65 2411 91 2458 ι.
114 2395 173 2457 v1.
195 2390 290 2468 dicit,
319 2411 359 2459 se
380 2393 467 2458 nulle
488 2411 630 2462 amorem
653 2411 672 2460 e
694 2386 875 2477 gymnasiis
896 2395 931 2455 et
959 2388 1152 2455 ambulatiu-
1216 2444 1217 2449 ,

66 2492 159 2558 uibus
181 2491 308 2558 traduci
327 2493 361 2558 iu
382 2493 520 2561 macella
542 2500 576 2560 et
597 2492 746 2560 cultellas
767 2490 945 2559 mulierum.
974 2487 1085 2570 Quare
1099 2488 1152 2554 la-

66 2613 135 2661 cum
155 2594 204 2659 ita
224 2591 373 2677 explieat
406 2612 538 2677 quaerum
560 2594 645 2660 alter
666 2592 844 2664 avunculus
866 2591 939 2675 ejus
961 2588 1080 2668 senior,
1101 2589 1153 2657 al·

66 2699 115 2760 ter
136 2693 247 2759 Pisias
275 2699 384 2758 autem
415 2697 592 2763 amaturum
621 2695 692 2778 ejus
724 2691 912 2767 acerrimus.
956 2689 1022 2756 Pru
1049 2685 1153 2753 αὐτοῦ
1173 2743 1187 2767 ,

66 2783 104 2873 ἦν
127 2801 236 2860 tamen
257 2793 462 2858 scribendum
489 2811 569 2860 esse
597 2794 679 2861 duea
707 2783 746 2874 ἦν
774 2791 888 2859 αὐτοῦ.
933 2788 971 2857 O.
996 2788 1037 2855 V.
1061 2787 1151 2866 751·

65 2898 94 2964 b.
118 2896 228 2962 hiatus
249 2895 402 2961 excusari
424 2894 544 2979 poterit
565 2895 599 2961 iu
621 2896 678 2961 τοῦ
698 2895 851 2980 ἐρωτικοῦ
871 2889 998 2976 ἀνδρὸς,
1021 2911 1084 2956 nan
1106 2891 1153 2957 ita

64 3016 94 3065 c.
117 3001 211 3062 Vlll.
234 2994 325 3062 753.
349 2994 377 3059 b.
398 2995 431 3060 in
452 2992 547 3060 καθὸ
569 2997 732 3074 αἴσθηται
755 2992 876 3081 ὀφρὺς,
901 2993 954 3081 ubi
977 2992 1152 3079 Wyttenb.

68 3096 223 3178 conjecit:
265 3095 445 3162 καθείσθω
467 3091 487 3173 ἡ
507 3093 627 3181 ὀφρῦς,
649 3095 729 3182 Xyl.
751 3092 854 3181 ὀφρῦς
874 3089 1003 3180 σἰροὶτω,
1037 3098 1071 3157 ut
1093 3092 1155 3158 sit:
1197 3087 1200 3091 ⁴

66 3197 229 3266 vulteum
251 3197 402 3262 simulare
423 3197 564 3261 amantis
585 3202 791 3284 contemtum,
812 3193 929 3261 Reish.
950 3195 1008 3258 καὶ
1029 3194 1155 3259 καθαι·

66 3308 130 3383 ρεῖν
151 3293 210 3372 τας
229 3293 331 3384 ὀφρῦς
352 3298 408 3361 καί
430 3295 630 3363 παύσασθαι
650 3297 817 3386 τρυφῶσα,
844 3292 1154 3361 Winckelmannus:
1277 3353 1281 3359 .

66 3401 120 3464 καὶ
152 3398 321 3462 καθέσθω
350 3394 409 3472 τὰς
439 3394 553 3484 ὀφρῦς,
581 3401 725 3467 aderens
754 3395 829 3467 adv,
856 3395 962 3463 Stoic.
992 3395 1105 3461 1⁰62.
1130 3396 1151 3460 f.

22 3504 27 3510 ’
66 3497 213 3584 idemque
237 3497 307 3562 fere
329 3498 516 3581 conjecerat
537 3496 672 3567 eundem
693 3498 798 3565 lucum
819 3499 962 3565 aderens
980 3493 1152 3562 Faehsius.

67 3600 176 3668 Voluit
196 3590 282 3665 edim
301 3599 512 3663 καταθέσθω
533 3596 592 3672 τὰς
613 3595 732 3684 ὀφρῦς,
775 3596 860 3683 qnod
888 3587 935 3660 ihi
956 3595 1028 3663 luco
1049 3595 1153 3679 magis

67 3701 163 3768 etiam
185 3694 350 3765 subvenit.
394 3699 570 3766 Sententia
591 3698 676 3768 enim
698 3702 773 3763 esta
794 3697 978 3786 deponat
999 3701 1068 3762 aut
1089 3692 1151 3759 de-

64 3801 204 3868 mittat
226 3797 457 3886 supereilia
480 3799 500 3862 i.
522 3816 551 3865 e.
572 3798 742 3866 desinat
763 3794 990 3883 superbire.
1036 3789 1073 3858 C.
1093 3796 1151 3857 IX.
1203 3808 1209 3819 ·

68 3900 155 3968 753.
177 3902 209 3967 d.
234 3901 266 3966 in
288 3897 421 3966 verbisz
443 3895 629 3986 αὐλητρίδες
650 3897 684 3961 δὲ
705 3893 839 3978 Σάμιαι
860 3900 917 3963 καὶ
939 3892 1154 3978 ὀρχηστρίδες,

57 4000 264 4090 Ἀριστονίκα
286 4002 343 4068 καὶ
365 3993 529 4097 τύμπανον
549 4000 670 4077 ἔχουσα
684 3994 836 4075 Οἰνάνθη
852 3999 913 4061 καὶ
932 3992 1154 4077 Ἀγαθοκλεια
