2580 4514
452 159 494 174 ..
558 114 633 192 ηυγ
671 160 721 228 Ι..

44 294 167 364 munds
194 293 288 364 Sulrn
311 296 349 380 je
376 293 478 361 durch
506 293 563 360 ilrn
591 295 755 362 verwuist
782 290 962 379 gewurden
988 291 1035 357 ist
1047 337 1061 372 ,
1099 278 1152 358 ur¹

46 398 157 465 selbst
178 397 259 464 uber
278 418 307 463 u.
332 416 359 461 s.
379 417 424 462 ιν.
467 393 556 462 lulule
578 395 736 474 Wcllius,
762 395 941 461 contortius
968 392 1138 479 Reisigius
1211 465 1215 474 ¹

47 499 93 567 ad
119 496 238 585 Oedip.
262 492 330 564 Col.
353 495 444 562 004.
466 500 523 562 καὶ
544 497 785 585 explicuerunt,
812 495 915 562 ceteri
937 495 1139 561 deleverunt
1191 513 1192 517 ¹

13 632 18 649 ·
136 598 177 667 Si
198 597 299 688 485,
321 595 384 665 92.
406 595 553 681 νεώτεροι
574 603 607 662 οἱ
626 594 721 679 νόμον
742 597 877 685 legitur,
903 594 1036 662 videtur
1057 595 1141 660 arti-

50 701 144 768 culus
165 699 324 768 delcndus
346 717 434 782 esse.
477 698 553 764 Nun
576 700 660 764 enim
682 699 743 765 huc
764 698 909 764 dicturus
937 702 989 764 est
1015 702 1142 767 erutor:

51 821 114 869 eus
135 792 228 886 leges
250 798 292 867 ud
313 820 447 886 querum
468 801 705 887 praescriptum
726 807 862 866 senatus
883 798 1030 864 consultu
1044 794 1144 864 scribi

52 903 210 991 debcant,
230 900 432 978 recentiores
454 918 534 967 csse
554 899 606 966 his
626 902 710 988 ipsis
725 903 862 967 seirutus
877 900 1035 966 consultis
1055 897 1143 990 [τῶν

54 1000 283 1091 ψηφισμάτων
303 998 434 1093 αὐτῶν)
455 1003 517 1069 huc
538 1003 624 1069 enim
645 1003 716 1068 lieri
737 1001 859 1088 nequit.
901 999 972 1070 Sed
1001 1018 1072 1066 curn
1098 999 1144 1065 sit

53 1105 325 1191 vitupereturus,
369 1104 453 1191 quod
478 1104 571 1188 leges
592 1101 663 1169 'tum
690 1122 792 1189 suepe
813 1094 969 1186 rogentur
990 1107 1025 1168 et
1045 1103 1143 1167 abru-

53 1211 191 1291 gentur,
212 1203 274 1271 huc
295 1202 393 1270 dicit:
436 1216 514 1270 esse
535 1205 618 1271 udeo
640 1205 734 1290 leges
755 1209 891 1270 senatus
913 1203 1071 1269 consultis
1087 1203 1145 1285 ju-

55 1307 170 1372 niores
191 1310 225 1371 et
246 1313 355 1372 tamen
382 1306 425 1372 ud
453 1307 559 1390 legum
587 1324 751 1384 normam,
795 1305 871 1391 quiu
899 1304 980 1369 sint
996 1303 1145 1392 stabiles,

56 1405 193 1472 decretu
222 1424 301 1472 esse
329 1407 488 1473 lenienda.
530 1406 569 1472 ld
596 1413 705 1472 cutem
732 1425 804 1472 cum
834 1425 898 1505 non
930 1404 971 1471 (le
1000 1404 1146 1471 omnibus

56 1507 187 1592 legibus
208 1513 325 1593 posset
345 1507 429 1588 dici,
451 1509 573 1574 rectius
594 1508 769 1592 articulus,
791 1508 846 1594 qui
867 1507 962 1573 facile
983 1523 1027 1570 ex
1049 1523 1147 1591 prue-

57 1607 203 1675 cedente
225 1608 353 1694 syllaba
374 1615 506 1694 poterat
527 1610 614 1697 oriri,
636 1609 749 1674 aberit.
795 1602 1051 1674 Sententiu'lcci
1066 1607 1158 1682 erite
1243 1672 1246 1679 ,

61 1710 137 1791 Yon
163 1707 512 1796 den‘Verurduuugen
534 1708 785 1777 unterscheiden
808 1709 878 1775 sicli
899 1708 979 1774 uber
1000 1706 1055 1773 die
1076 1705 1150 1774 Ge-

59 1817 159 1876 setnc
179 1830 239 1895 gur
262 1809 352 1875 nicht
372 1810 477 1889 mehr,
499 1811 642 1877 sondern
661 1811 713 1876 ihr
725 1810 812 1877 naut
827 1813 968 1895 jungere
990 1807 1150 1888 (lessius,

59 1911 148 1979 nuclr
172 1911 319 1977 welchen
340 1911 424 1977 dccli
445 1912 497 1979 die
520 1913 549 1978 V
551 1911 780 1997 erurdnung‘en
805 1912 975 1996 ulgelcsst
1001 1909 1149 1992 werden,

58 2013 114 2079 uls
136 2011 242 2078 sellust
262 2011 315 2077 die
338 2013 597 2098 Verordnungen
619 2013 702 2079 sind.
754 2013 886 2083 Poterit
903 2014 1003 2100 igitur
1023 2011 1150 2098 quidem

60 2112 220 2180 articulus
240 2112 324 2200 legi,
350 2112 426 2199 quiu
447 2115 627 2201 scriptores
647 2113 811 2207 interdum
830 2113 879 2194 id,
909 2114 995 2201 quod
1016 2113 1058 2181 dc
1079 2113 1151 2178 sin-

59 2215 149 2300 gulis
170 2221 223 2280 est
244 2208 423 2303 dicendum,
445 2213 486 2280 de
501 2217 653 2282 *omnibus
675 2214 795 2302 dicunt,
815 2216 931 2282 melius
954 2222 1060 2281 tumen
1076 2215 1153 2281 ube·

60 2317 117 2382 rit.
162 2314 239 2380 Neu
260 2313 407 2380 offendes
428 2312 528 2404 488,
553 2315 641 2381 100.
664 2315 698 2382 in
719 2317 848 2382 verbis:
890 2314 1009 2396 ἐξεῖναι
1039 2317 1154 2380 δοῦναι

61 2415 108 2482 τὰ
130 2417 248 2481 ἑαυτοῦ
271 2406 297 2499 ᾦ
319 2416 362 2483 ἄν
381 2439 431 2492 τις
450 2414 607 2500 βούληται
636 2435 742 2504 neque
770 2414 871 2506 489,
903 2417 991 2483 105.
1010 2441 1067 2493 ure
1096 2415 1149 2504 ἄρ’
1256 2418 1278 2493 g

64 2522 99 2584 ol
122 2513 376 2598 Λακεδαιμόνιοι
398 2520 506 2594 καλῶς
532 2517 770 2601 πολιτευόμενοι
798 2522 856 2584 καὶ
880 2518 1019 2604 Θηβαῖοι
1049 2516 1155 2582 οὐδενὶ

64 2619 133 2682 τῶν
161 2614 237 2702 παρ’
265 2623 395 2711 ἑαυτοῖς
422 2616 550 2684 διδόασι
577 2617 731 2698 τοιαύτην
761 2608 914 2701 οὐδεμίαν
947 2616 1049 2702 τιμήν.
1090 2617 1156 2682 Hic

66 2719 156 2786 eninr
178 2723 252 2805 pust
276 2717 414 2803 Θηβαῖοι
436 2738 540 2807 puusu
561 2719 718 2806 quaedum
740 2727 815 2811 εει,
858 2739 933 2784 num
954 2736 1039 2806 quae
1059 2736 1156 2804 prue-
1211 2724 1218 2735 '

66 2818 209 2907 cedunt,
229 2838 270 2884 eu
291 2821 325 2886 vi
346 2827 423 2885 sunt
444 2821 548 2888 dicta:
578 2821 724 2887 homines
746 2821 862 2908 qurulcs
882 2827 959 2887 suut
980 2819 1156 2886 Lacedae·

67 2922 186 3009 monii,
208 2921 260 3007 qui
283 2922 375 2987 bunis
397 2929 529 2988 utuntur
549 2923 715 2988 institutis·
729 2922 866 3010 publicis
887 2927 923 2988 et
944 2921 1057 3008 quales
1079 2924 1162 3004 sunt
1220 3004 1224 3011 ι

69 3021 230 3089 Thebani.
274 3021 463 3109 Perspicies
496 3024 591 3090 simul
618 3024 715 3112 inde,-
744 3044 801 3091 cur
829 3023 871 3090 ud
901 3019 1159 3105 Λακεδαιμόνιοι
1224 3014 1226 3019 ’

68 3122 227 3190 articulus
249 3124 292 3188 sit
314 3122 461 3205 additus,
505 3145 611 3212 neque
641 3125 820 3202 dubitabis,
866 3125 942 3212 quin
971 3124 1058 3190 idern
1088 3140 1159 3188 cum

69 3225 210 3313 Reiskio
232 3243 276 3318 ex
289 3227 374 3310 Aug.
397 3226 422 3290 1.
446 3232 481 3292 et
496 3227 537 3292 K.
552 3227 593 3292 ud
612 3227 751 3313 Θηβαῖοι
773 3226 819 3292 sit
839 3225 1019 3293 addendus.
1034 3221 1159 3290 Schue-

71 3318 165 3394 lerus
197 3317 367 3416 articulum
394 3334 429 3393 et
456 3335 533 3394 unte
561 3330 683 3394 Λακεὸ.
715 3335 750 3396 et
777 3333 855 3394 unte
879 3325 959 3411 Θηβ.
989 3323 1161 3391 delendum

72 3446 153 3494 esse
171 3433 303 3494 censet.
347 3428 420 3493 Vox
442 3430 581 3516 quiescit
601 3426 700 3512 489,
727 3428 816 3494 107.
844 3429 930 3494 inter
957 3427 1105 3514 φυλακαὶ
1127 3431 1163 3490 et

73 3525 170 3605 ὅπως,
200 3523 420 3618 400,,,109.
447 3531 534 3596 inter
560 3537 698 3618 πονηρία
719 3536 753 3597 et
776 3529 808 3610 ἢ,
835 3520 934 3608 405,
966 3522 1164 3592 1001111111

74 3629 261 3714 φαίνεσθαι
282 3634 316 3694 et
331 3625 397 3707 οἷα,
424 3628 510 3696 127.
531 3632 618 3700 inter
630 3637 739 3698 καίτοι
752 3636 843 3721 etel3
864 3631 952 3696 inter
963 3646 1048 3719 quae
1060 3626 1164 3692 Reis-

74 3731 152 3796 lrius
173 3730 291 3816 ubique
311 3731 514 3818 interpunxit
535 3739 569 3799 et
590 3729 684 3815 496,
710 3730 798 3796 130.
822 3734 909 3798 inter
930 3728 1000 3796 ὄντι
1022 3736 1057 3796 et
1078 3726 1163 3806 οὔτε,

75 3831 132 3898 ulii
154 3836 209 3896 est
230 3833 416 3900 sententiae
437 3833 563 3901 incisio.
607 3836 698 3902 Idem
720 3834 785 3901 dici
805 3832 928 3920 poterit
949 3829 1047 3911 500,
1073 3825 1163 3893 150.

73 3935 109 4000 in
142 3933 272 4000 verbis:
314 3931 397 3999 πολὺ
424 3939 534 4000 τοίνυν
562 3933 697 4003 κάλλιον
718 3937 759 4020 τῇ
781 3931 938 4011 δεινότητι
959 3928 1063 4012 ταύτῃ
1081 3927 1165 4014 χρῆ-

74 4036 167 4101 σθαι
187 4035 237 4100 ἐπὶ
259 4031 486 4115 τὶν-κολάζειν
506 4033 699 4113 ἢ-ἀὸικεῖν.
744 4037 828 4102 Nam
850 4035 900 4100 ἐπὶ
923 4033 974 4098 hic
995 4029 1096 4096 lucum
1112 4036 1168 4097 te·
