2564 4508
490 134 763 201 ..430-

77 304 206 382 olnetm
226 298 452 384 &oryoll-ari
477 299 568 386 αὐτῷ
589 307 634 379 etc
652 325 684 367 ιι.
703 324 733 365 τ.
752 304 795 381 X,
816 299 870 367 uti
890 306 965 386 post
982 297 1112 388 'Epora
1132 306 1169 367 el

80 397 168 485 αὐτῷ
190 420 296 487 pausa
317 402 388 466 erit
431 402 470 468 In
494 401 630 470 Caesar.
652 403 793 487 August.
807 402 845 467 V.
869 398 962 467 aot.
979 401 1010 464 b.
1032 401 1067 465 in
1087 417 1168 466 ver·

83 498 151 569 bh:
169 499 230 567 'Er
249 501 285 565 δὲ
296 500 440 583 Σικελίᾳ
457 500 583 587 Ἀρειον
603 500 676 569 ἀπὶ
699 499 867 589 Θεοδώρου
887 506 1062 578 κατέστησε
1083 500 1167 565 διοι-

87 598 199 680 main·
222 601 331 667 bintus
353 607 427 688 est,
447 603 499 687 qui
521 622 563 670 ao
585 605 632 668 itu
651 603 814 670 tollendos
834 603 898 688 sit,
919 606 953 665 ut
974 606 1167 677 κατέστησεν

88 705 156 769 tuto
171 699 300 789 Ἀριιου
328 701 524 780 collocetur,
568 703 696 791 dubito,
736 705 815 768 item
841 700 933 767 Xlll.
962 697 1053 765 207.
1082 699 1105 764 l.
1133 698 1168 763 in

83 800 211 869 ‘inlisu
252 802 324 867 Τοῦ
350 802 386 865 δὲ
414 797 501 892 (scr.
522 799 580 893 δ’)
608 802 796 883 ’Aenean
822 799 926 883 δήμου
954 799 1167 887 ἐξημυρῑηκέ·

88 922 135 967 tce
159 897 332 992 [Tauchn.
355 903 439 967 male
460 900 736 994 ἐξυμοιρτηκέυοιι)
764 928 796 969 τι
823 900 999 984 δόξαντος,
1030 924 1062 964 τι
1089 905 1167 967 ante

88 998 229 1088 διμιυρτ.
255 1003 407 1069 collocari
429 1005 544 1088 possit.
587 1005 634 1069 lb.
663 1005 806 1091 denique
836 1002 931 1069 XlV.
960 999 1051 1067 207.
1080 1000 1101 1065 l.
1132 1001 1167 1067 in

84 1103 205 1169 nutis:
252 1104 328 1169 Τώυ
349 1105 383 1168 δὲ
405 1103 491 1192 (scr.
514 1100 570 1193 δ’)
593 1102 797 1188 Εὐρυκλέους
816 1100 917 1195 (Alo.
939 1109 975 1168 et
994 1101 1073 1167 Bas.
1095 1098 1167 1195 Εὐ·

81 1198 255 1290 κυκλίους)
274 1202 464 1289 κατηγόρου
484 1203 555 1282 ἑνὸς
576 1202 718 1290 ἀφειδῶς
738 1206 796 1269 καὶ
825 1200 1015 1287 κατακόρως
1040 1204 1166 1285 cappo-

77 1304 286 1390 σωζομένου,
307 1307 364 1369 καὶ
385 1307 613 1392 προαχθέντος
633 1313 732 1370 εἰπεῖν
752 1329 785 1370 τι
805 1304 971 1368 τοιοῦτον·
994 1300 1040 1367 El
1061 1296 1167 1365 ταῦτά

76 1424 148 1489 σοι,
185 1399 345 1491 Κοιῖσυιρ,
376 1403 416 1469 οὔ
438 1411 591 1492 (perberci
612 1406 755 1488 μεγάλοι,
784 1407 934 1469 κέλευσον
955 1399 1057 1467 αὐτὸν
1077 1397 1166 1464 ιἰιιο-

72 1501 195 1569 δοῦναί
211 1527 268 1584 μοι
292 1503 494 1570 θουκυδίδου
514 1505 571 1586 τὴν
592 1504 748 1590 ἑβδόμην·
769 1503 820 1569 διὸ
841 1502 1009 1589 opprobrie
1029 1495 1165 1583 ἀπάγειν
1198 1582 1202 1599 Ι

71 1605 244 1671 ἐκέλευσε·
271 1604 405 1671 offendit
431 1603 482 1671 διὸ
508 1608 540 1672 io
573 1606 709 1692 apodosi
737 1604 936 1690 conjicioque
965 1599 1165 1688 διοργισθεὶς

71 1696 130 1793 (ν.
152 1703 282 1786 Agesil.
306 1725 333 1769 c.
359 1702 436 1795 vt.)
458 1707 560 1773 luisse
581 1708 745 1793 scriptum.

72 1852 87 1861 ..
159 1802 239 1869 Non
260 1823 385 1889 paucos
405 1807 503 1892 igitur
524 1809 585 1873 boc
604 1809 637 1873 in
660 1808 742 1874 libro
762 1804 900 1892 reperiri
922 1803 1031 1889 hiatus
1053 1819 1097 1866 ex
1122 1799 1165 1865 iis

71 1919 159 1990 quoe
189 1904 405 1992 praecedunt,
447 1908 521 1973 sine
542 1908 637 1973 dubio
665 1907 875 1985 intellexisti,
920 1921 1026 1991 neque
1048 1902 1108 1967 hoc
1130 1907 1164 1967 te

72 2004 178 2089 lugiet
212 2013 344 2090 praeter
379 2013 450 2073 tres
477 2027 496 2073 e
521 2009 617 2075 codd.
647 2007 861 2094 corrigendos
893 2001 950 2097 [in
978 2003 1088 2088 Epist.
1119 2000 1164 2067 od

72 2104 209 2190 Troiam.
236 2106 270 2170 in
293 2103 399 2190 Cotye
427 2113 462 2173 et
488 2110 522 2172 in
544 2108 760 2194 Epaminond.
782 2104 845 2197 X.)
874 2114 909 2172 et
931 2112 1068 2191 quotuor
1088 2101 1163 2169 aliis

72 2206 116 2273 cle
139 2207 251 2280 causis
272 2214 447 2292 suspectos
468 2205 524 2300 [v.
547 2211 676 2276 Fabric.
689 2210 717 2274 1.
740 2208 833 2295 Scip.
854 2208 928 2291 maj.
942 2206 999 2271 1v.
1023 2202 1092 2271 Cio.
1107 2200 1163 2267 v1.

72 2316 108 2383 et
130 2304 231 2373 Caes.
253 2307 336 2391 Aug.
360 2305 476 2399 XIV.)
498 2317 627 2377 restare
648 2309 890 2396 septendecim,
911 2307 947 2370 in
968 2306 1083 2390 quibus
1103 2320 1163 2367 so·
1237 2342 1242 2351 ·

72 2406 123 2475 los
145 2407 255 2475 hiatus
276 2409 445 2475 offensioni
465 2412 528 2492 sit,
570 2408 750 2497 inculpo,
778 2406 894 2473 Gelon
916 2408 975 2471 111.
997 2400 1161 2471 Alexand.

73 2508 151 2575 XX.
170 2508 262 2575 XXI.
305 2509 460 2595 lplricrat.
484 2512 523 2575 V.
545 2511 605 2578 liis.
628 2511 849 2597 Lyeurg.1V.
873 2506 997 2591 Agesil.
1019 2507 1078 2569 XI.
1099 2501 1160 2569 bis.

73 2608 289 2696 Epaminood.
315 2614 422 2676 XVll.
453 2612 582 2679 Fabric.
610 2617 670 2679 IV.
707 2608 835 2693 Quinct.
863 2612 905 2672 11.
942 2605 1057 2671 Aemil.
1084 2606 1159 2668 Vll.

73 2706 164 2796 Sclp.
188 2711 261 2775 min·
282 2711 323 2775 X.
352 2707 457 2777 Cicer.
483 2715 575 2777 XXI.
599 2713 740 2796 August.
765 2713 806 2775 V.
831 2712 923 2773 XIII.
968 2704 1061 2785 Quae
1090 2721 1160 2768 com

75 2811 123 2879 ita
143 2812 233 2896 sint,
269 2810 411 2876 fortasse
433 2813 621 2894 miraberis,
663 2809 748 2898 quod
769 2828 875 2895 neque
896 2828 968 2873 com
988 2802 1159 2895 Xylandro

73 2911 168 2998 lucio,
189 2912 244 2995 qui
265 2930 304 2977 se
326 2930 432 2997 neque
454 2912 688 2997 praelationem
707 2929 816 2998 nequo
837 2929 920 2995 opos
933 2904 1161 2995 ipsumruagni

73 3011 241 3079 l’lotarebi
262 3030 341 3078 esse
361 3013 498 3079 credere
519 3014 651 3101 fatetur,
673 3000 780 3097 oeque
800 3028 872 3077 oum
888 3004 1158 3094 Wyttenbaclrio‚

73 3112 126 3197 qui
146 3113 316 3178 materiam
345 3113 520 3198 eseriptis
543 3112 710 3177 Plutarchi
734 3111 906 3178 collectam
935 3117 971 3175 ct
997 3127 1017 3173 a
1045 3112 1158 3194 poste·

73 3214 157 3279 riore
178 3211 316 3297 quodam
336 3212 465 3277 homine
494 3208 527 3279 in
554 3214 638 3279 hanc
667 3217 857 3278 tenuitatem
887 3229 966 3277 esse
992 3200 1159 3275 redactam

73 3318 198 3379 censet.
238 3312 318 3389 Mihi
338 3319 447 3378 autem
468 3333 533 3379 non
554 3310 764 3399 improbabile
785 3330 864 3379 esse
885 3309 1030 3391 videtur,
1062 3309 1158 3375 Plot-

74 3413 204 3483 imnum
224 3414 330 3498 ipsum
351 3414 509 3495 eJ'usmodi
529 3434 622 3500 opuS,
644 3432 707 3499 quo
727 3411 816 3481 dicta
836 3419 870 3479 et
892 3412 980 3479 lacta
1000 3410 1158 3498 quaedam

74 3513 213 3579 virorum
234 3514 394 3580 clarorum
416 3514 562 3581 breviter
589 3519 818 3581 coartarentur
845 3512 879 3577 in
910 3532 1002 3579 usum
1031 3518 1066 3577 ct
1095 3510 1157 3576 dc-

74 3612 279 3681 lectationem
300 3633 421 3695 eorum,
444 3615 498 3700 qui
519 3614 689 3703 quominus
701 3614 857 3700 ampliora
870 3614 995 3698 scripta
1007 3612 1157 3698 legerent

74 3714 213 3798 negotiis
235 3720 331 3780 erant
350 3714 514 3800 impediti,
555 3713 591 3781 id
618 3712 704 3798 qood
724 3714 758 3779 in
780 3712 955 3796 Trajanom
976 3713 1075 3779 etiam
1096 3729 1155 3776 ca-

74 3814 184 3893 lebat,
215 3816 448 3900 composuisse.
491 3812 607 3883 Simile
628 3813 705 3900 quid
727 3819 818 3879 certe
839 3812 938 3878 etiam
956 3812 990 3877 in
1011 3811 1092 3875 libro
1113 3808 1156 3875 de

74 3916 236 3983 mulierum
256 3915 431 3981 virtutibus
451 3915 618 4003 babemus,
635 3911 690 3979 obi
709 3912 795 4001 quod
815 3930 871 3980 reo
893 3911 988 3998 paulo
1009 3908 1155 3994 pluribus

74 4015 181 4084 rerbis
208 4023 286 4083 sunt
313 4017 440 4084 relatae
468 4035 534 4085 nou
555 4019 609 4083 est
629 4013 741 4081 mirum
747 4058 759 4098 ,
788 4012 907 4099 quippe
937 4028 1020 4096 quae
1049 4011 1154 4077 minuo
