2564 4508
546 105 817 172 *unu*

142 279 261 371 τράφη.
306 278 397 375 Quus
422 293 504 343 veru
523 275 683 343 lectiones
706 274 791 359 Aug.
812 273 846 339 in
867 273 1014 359 margine
1040 272 1146 343 habet
1175 281 1220 345 λιι.

144 394 259 474 τρέφοι
278 388 313 449 et
333 383 539 464 ἐντρέφοιον,
582 374 796 443 ureuentiuri
825 395 920 442 manu
950 395 993 445 ex
1021 397 1081 445 uru
1107 378 1168 447 ed,
1187 383 1219 449 '1

144 486 332 571 descriptae
353 484 438 546 sunt.
461 474 513 565 ὑφ’
538 468 583 543 ὦν
603 474 728 564 ἐτράφη
749 476 898 543 voluerut
918 478 1078 545 Reiskins
1100 486 1137 547 et
1149 500 1220 551 unm

144 589 228 672 Rug.
245 584 286 651 E·
308 583 405 648 habet
426 575 459 644 ui
479 583 671 664 ἐντρέφοιεν.
715 575 877 663 Equidem
898 578 1037 647 arbitrer
1057 576 1220 667 Polybium

145 687 194 765 οἶς
214 690 397 771 ὲντρέφοιον
418 680 606 767 scripsisse,
626 677 712 743 unde
733 682 845 744 eeteru
866 679 1017 747 facillime
1038 683 1115 749 uriri
1138 690 1220 771 pute·

144 795 229 864 rant,
251 787 445 873 expliuuque
458 783 562 849 lucum
574 782 634 867 ite,
657 787 692 845 ut
703 775 830 855 τούτοις
845 780 991 845 neutrius
1003 783 1138 866 generis
1152 802 1220 851 esre

146 897 301 968 statuum,
321 884 406 973 quud
419 884 462 949 ud
476 880 653 963 indueres
668 882 702 947 vi
717 880 861 945 additum
874 880 931 964 sit,
954 886 990 944 ut
1010 882 1219 966 significetur:

147 1006 253 1076 neque
267 1005 328 1072 pur
341 984 463 1051 referre
484 984 525 1047 iis
540 978 582 1073 (i.
596 981 772 1060 niunden,
792 981 833 1047 cf.
844 980 990 1065 Thucyd.
1002 981 1035 1063 1,
1044 978 1143 1075 42),
1156 984 1218 1071 qui-

147 1092 208 1157 bus
230 1108 304 1154 eum
323 1085 480 1151 uiuerint:
502 1086 615 1149 wumit
636 1085 685 1149 sie
706 1083 762 1149 ihn
784 1083 921 1149 uthrten
935 1084 1010 1149 sive
1031 1084 1217 1169 uniernugen

149 1193 171 1257 i.
181 1209 210 1257 e.
221 1190 301 1255 duss
317 1188 366 1253 sie
380 1186 434 1251 ihn
447 1183 654 1268 uufernugen.
677 1184 723 1248 lb.
736 1183 796 1248 10.
810 1184 975 1249 inverhis:
991 1180 1090 1249 Ὅταν
1104 1174 1160 1249 οὖν
1170 1184 1219 1249 rui

149 1289 168 1357 ὁ
189 1286 349 1377 προεστὼς
375 1289 431 1351 καὶ
453 1284 511 1363 τὴν
531 1290 683 1368 μεγίστην
704 1287 841 1367 δύναμιν
861 1286 944 1362 ἔχων
962 1281 1013 1350 ἀεὶ
1038 1280 1219 1365 uersurum

149 1402 218 1467 τοῖς
239 1392 473 1473 προειρημένοις
493 1384 580 1450 κατὰ
601 1384 734 1461 τὰςτών
748 1386 874 1451 πολλῶν
888 1382 1067 1467 διαλήψεις,
1087 1382 1220 1465 καὶδὸξμ

148 1502 217 1567 τοῖς
239 1488 506 1570 ὑποταττομένοις
527 1486 748 1569 διανεμητικὸς
768 1485 850 1551 εἶναι
871 1486 930 1549 τοῦ
950 1483 1018 1549 κατ’
1044 1484 1141 1566 ἀξίαν
1155 1484 1220 1551 λεά-

150 1616 238 1667 στοις
259 1608 372 1655 omnes
392 1589 464 1655 iibri
479 1585 559 1652 ὅταν
574 1594 608 1653 ὲν
623 1587 671 1665 οἷς
683 1587 700 1654 ὁ
712 1585 872 1674 προεστώς
884 1582 989 1678 [unus
1002 1590 1074 1654 eud.
1084 1589 1123 1657 Ε.
1139 1592 1220 1655 urnii·

149 1695 192 1759 tit
213 1688 254 1782 ὁ)
275 1691 395 1755 hubent
416 1695 452 1771 et
472 1687 622 1767 διαλέξεις
645 1711 703 1775 pru
726 1686 904 1773 διαλήψεις.
949 1686 1099 1772 Cunjeeit
1125 1696 1220 1755 nutem

143 1794 214 1877 jum
229 1790 440 1857 casaubonus
462 1784 540 1853 ὅταν
563 1778 620 1854 οὖν
642 1787 659 1854 ὁ
681 1813 732 1873 πρ.
755 1797 790 1855 et
802 1788 993 1873 Sehrveigh.
1011 1797 1068 1855 uut
1080 1786 1158 1855 ὅταν
1171 1776 1220 1853 οὖν

150 1894 207 1958 καὶ
226 1897 283 1957 unt
295 1886 412 1954 ὅτανδ’
429 1876 532 1963 αὖθις
546 1883 574 1952 ὁ.
618 1890 666 1954 At
676 1891 752 1955 mihi
767 1889 899 1973 vulgatu
916 1909 998 1956 vera
1011 1909 1089 1956 esse
1103 1889 1220 1957 videtur

149 1993 267 2080 leutio,
288 1988 382 2057 mudu
403 1985 431 2053 δ
453 1994 530 2074 pust
551 1984 631 2053 ὅταν
651 1990 799 2056 addatur.
849 1990 1026 2057 Sententia
1047 1992 1132 2056 enim
1152 1988 1220 2057 erit:

150 2094 213 2162 Sin
234 2097 341 2158 nutem
362 2091 395 2154 in
417 2090 532 2175 quibus
553 2090 650 2154 rebus
672 2091 702 2154 is
724 2091 777 2176 qui
799 2092 897 2157 rebus
915 2095 1049 2177 prueest
1070 2096 1105 2157 et
1130 2107 1220 2177 penes

152 2212 246 2281 quem
261 2210 383 2255 summu
400 2196 453 2254 est
466 2194 628 2275 potestas,
649 2210 779 2276 semper
795 2192 859 2257 iliis
874 2193 968 2277 viiie,
985 2210 1067 2277 quus
1083 2191 1220 2271 diximus}

152 2313 245 2379 opem
260 2293 346 2369 tulit,
368 2291 458 2355 iniis
480 2290 657 2355 secundnm
678 2292 766 2374 vulgi
787 2311 961 2357 sermones.
978 2294 1075 2358 etium
1097 2291 1220 2358 subditis

151 2394 185 2467 id
207 2394 329 2477 tribuit,
352 2390 437 2476 quud
458 2393 611 2476 cujusque
634 2393 758 2457 meritis
780 2392 947 2478 convenit,
969 2399 1036 2457 tum
1056 2399 1121 2459 ete.
1164 2392 1220 2457 Nur

152 2494 352 2561 diceremus:
374 2492 487 2557 Wenn
508 2493 588 2557 uber
609 2491 680 2573 der,
704 2492 849 2557 welcher
869 2512 912 2557 un
933 2492 992 2558 der
1006 2490 1126 2578 Spitue
1146 2492 1220 2559 stein

151 2594 216 2661 und
238 2594 292 2659 die
312 2595 444 2677 grisste
457 2591 569 2657 Munht
583 2592 714 2671 besitut,
736 2592 769 2657 in
783 2592 870 2679 dem,
893 2593 996 2659 werin
1012 2614 1049 2659 er
1066 2592 1131 2659 den
1147 2592 1220 2659 Vor-

152 2696 400 2779 hergenunnten
423 2693 535 2757 immer
556 2692 720 2779 beistund,
743 2693 825 2759 auch
846 2693 961 2759 seinen
983 2693 1220 2779 Untergebeuer

152 2796 214 2862 das
227 2795 302 2858 ihre
315 2793 398 2859 necin
413 2791 477 2859 den
489 2791 703 2877 Gespriiuhen
715 2795 779 2859 und
793 2793 867 2859 dem
881 2793 1031 2860 Urtheiie
1045 2794 1106 2861 der
1115 2795 1220 2881 Meugr

152 2916 195 2963 uu
216 2895 321 2981 geben
343 2893 482 2960 seheint.
525 2893 596 2959 Res
617 2900 724 2959 nutem
746 2895 913 2989 inquibus
925 2914 1017 2959 suum
1038 2893 1083 2986 (i.
1101 2916 1133 2962 e.
1146 2916 1220 2965 suun

152 2996 287 3081 glorium
309 3014 463 3081 suumque
482 2989 680 3084 praemium)
703 2995 816 3080 cuique
832 2996 973 3061 tribuere
990 2994 1118 3083 dicitur,
1139 3016 1220 3083 supn

153 3094 191 3161 S.
214 3099 289 3159 sunt
315 3101 582 3159 eummemnrutuu
609 3095 743 3160 verbis:
787 3091 866 3159 ὅταν
896 3092 1002 3180 ἀμύνῃ
1031 3102 1090 3176 μέν
1109 3121 1159 3175 τις
1178 3120 1220 3181 πρ

153 3189 281 3261 πάντων
303 3199 336 3257 ἐν
357 3204 426 3269 τοῖς
447 3195 571 3272 δεινοῖς,
596 3192 769 3281 ὑφίσταται
791 3196 826 3260 δὲ
846 3199 903 3261 καὶ
917 3205 997 3280 με’νμ
1010 3195 1071 3273 τὰς
1081 3195 1220 3285 ἐπιφορὰ

152 3296 215 3359 τών
236 3290 470 3375 ἀλκιμωτάτων
490 3292 587 3373 ζώων.
630 3294 684 3361 Ex
706 3303 820 3362 nostru
843 3302 951 3361 nutem
973 3298 1098 3365 ratione
1121 3304 1220 3385 spunt

152 3400 289 3482 apparet
310 3413 375 3458 nun
397 3401 472 3479 pust
493 3394 663 3475 διαλέξεις,
698 3395 782 3484 quud
805 3416 847 3462 ex
870 3396 962 3463 cedd.
984 3418 1041 3483 pru
1064 3416 1122 3478 eu,
1153 3419 1217 3487 que

152 3495 308 3561 Reiskius
329 3493 452 3581 uoluit²
495 3493 664 3577 διαλήψεις
686 3498 800 3563 iterum
820 3498 1040 3583 recipiendum
1061 3504 1137 3587 est,
1179 3516 1219 3567 se

150 3602 227 3682 pust
248 3601 484 3678 προειρημένοις
506 3615 584 3661 esse
605 3596 905 3682 interpungendum.

236 3693 316 3780 Cep.
339 3694 405 3777 IX,
430 3696 465 3759 5.
488 3697 717 3781 apostrophum
740 3718 822 3782 pune
844 3702 877 3763 in
899 3694 973 3763 τότε
1001 3694 1064 3763 οὐν
1089 3704 1126 3765 et
1154 3716 1220 3765 crui

153 3802 246 3861 utere
268 3791 303 3858 8.
327 3794 361 3858 in
383 3794 425 3859 τὰ
447 3793 618 3880 ἀλλότρια,
647 3796 705 3861 13.
729 3806 837 3864 tumen
858 3797 926 3863 nuli
946 3799 1078 3865 turbere
1097 3802 1158 3865 καὶ
1178 3804 1220 3867 ἑτι

156 3918 229 3979 ραν.
250 3898 295 3981 Χ,
318 3893 357 3959 4.
379 3898 486 3962 scribe
509 3898 559 3962 bis
580 3893 608 3960 δ
632 3917 689 3981 pru
712 3898 745 3963 dd
766 3906 843 3964 aute
865 3895 892 3978 ὁ,
912 3898 975 3965 sed
996 3898 1033 3965 ὅ.
1056 3882 1220 3971 meudend

158 3997 191 4061 iu
210 3993 254 4078 μὴ
277 3991 327 4061 οὐ.
349 3995 414 4078 xl,
440 3994 476 4061 6.
507 4018 566 4082 pru
587 3993 706 4087 πότερα
726 4005 805 4064 unte
824 3996 1098 4085 ἀριστοκρατικὸν
1119 3998 1164 4071 du
1185 4024 1220 4069 νει
