<?xml version="1.0" encoding="UTF-8"?>
<!DOCTYPE html PUBLIC "-//W3C//DTD XHTML 1.0 Transitional//EN"
    "http://www.w3.org/TR/xhtml1/DTD/xhtml1-transitional.dtd">
<html xmlns="http://www.w3.org/1999/xhtml" xml:lang="en" lang="en">
 <head>
  <title>
</title>
<meta http-equiv="Content-Type" content="text/html;charset=utf-8" />
  <meta name='ocr-system' content='tesseract 3.04.00' />
  <meta name='ocr-capabilities' content='ocr_page ocr_carea ocr_par ocr_line ocrx_word'/>
</head>
<body>
  <div class='ocr_page' id='page_1' title='image "./dehiatuinorator01bensgoog_0550.png"; bbox 0 0 2580 4514; ppageno 0'>
   <div class='ocr_carea' id='block_1_1' title="bbox 100 122 1225 384">
    <p class='ocr_par' dir='ltr' id='par_1_1' title="bbox 100 122 1225 384">
     <span class='ocr_line' id='line_1_1' title="bbox 509 122 847 195; baseline 0.006 -2"><span class='ocrx_word' id='word_1_1' title='bbox 509 160 552 176; x_wconf 90' lang='lat'>-</span> <span class='ocrx_word' id='word_1_2' title='bbox 609 122 675 195; x_wconf 62' lang='lat' dir='ltr'><strong>&#39;dil</strong></span> <span class='ocrx_word' id='word_1_3' title='bbox 741 159 784 178; x_wconf 91' lang='lat'><strong>·-</strong></span> <span class='ocrx_word' id='word_1_4' title='bbox 839 180 847 195; x_wconf 89' lang='lat'><strong>.</strong></span> 
     </span>
     <span class='ocr_line' id='line_1_2' title="bbox 100 290 1225 384; baseline 0.004 -22"><span class='ocrx_word' id='word_1_5' title='bbox 100 295 165 380; x_wconf 75' lang='grc' dir='ltr'><strong>γῆς</strong></span> <span class='ocrx_word' id='word_1_6' title='bbox 189 298 246 362; x_wconf 88' lang='lat' dir='ltr'><strong>est</strong></span> <span class='ocrx_word' id='word_1_7' title='bbox 269 291 494 377; x_wconf 70' lang='lat' dir='ltr'><strong>scribendum</strong></span> <span class='ocrx_word' id='word_1_8' title='bbox 527 292 566 361; x_wconf 79' lang='grc'><strong>0.</strong></span> <span class='ocrx_word' id='word_1_9' title='bbox 593 297 686 362; x_wconf 80' lang='lat' dir='ltr'><strong>XXI.</strong></span> <span class='ocrx_word' id='word_1_10' title='bbox 714 290 856 365; x_wconf 67' lang='lat' dir='ltr'><strong>954le</strong></span> <span class='ocrx_word' id='word_1_11' title='bbox 884 291 1087 384; x_wconf 60' lang='lat' dir='ltr'><strong>pre-toldm</strong></span> <span class='ocrx_word' id='word_1_12' title='bbox 1114 303 1194 367; x_wconf 76' lang='lat' dir='ltr'><strong>mre</strong></span> <span class='ocrx_word' id='word_1_13' title='bbox 1223 370 1225 374; x_wconf 72' lang='grc'><strong>,</strong></span> 
     </span>
    </p>
   </div>
   <div class='ocr_carea' id='block_1_2' title="bbox 95 393 1279 4102">
    <p class='ocr_par' dir='ltr' id='par_1_2' title="bbox 95 393 1218 2698">
     <span class='ocr_line' id='line_1_3' title="bbox 102 393 1192 484; baseline 0.001 -23"><span class='ocrx_word' id='word_1_14' title='bbox 102 393 285 462; x_wconf 74' lang='grc' dir='ltr'><em>ἀναδίδωσι</em></span> <span class='ocrx_word' id='word_1_15' title='bbox 315 393 379 460; x_wconf 93' lang='lat' dir='ltr'><strong>ede</strong></span> <span class='ocrx_word' id='word_1_16' title='bbox 406 394 523 460; x_wconf 85' lang='lat' dir='ltr'><strong>ePet.</strong></span> <span class='ocrx_word' id='word_1_17' title='bbox 555 395 692 482; x_wconf 83' lang='grc' dir='ltr'><strong><em>φλόγας.</em></strong></span> <span class='ocrx_word' id='word_1_18' title='bbox 736 396 790 463; x_wconf 81' lang='lat' dir='ltr'><strong>Ex</strong></span> <span class='ocrx_word' id='word_1_19' title='bbox 821 403 959 484; x_wconf 85' lang='lat' dir='ltr'><strong>quatuor</strong></span> <span class='ocrx_word' id='word_1_20' title='bbox 985 397 1083 482; x_wconf 80' lang='lat' dir='ltr'><strong>igitur</strong></span> <span class='ocrx_word' id='word_1_21' title='bbox 1109 397 1192 463; x_wconf 60' lang='lat' dir='ltr'><strong>lcii.</strong></span> 
     </span>
     <span class='ocr_line' id='line_1_4' title="bbox 101 490 1194 584; baseline 0.003 -22"><span class='ocrx_word' id='word_1_22' title='bbox 101 494 248 562; x_wconf 81' lang='lat' dir='ltr'><strong>hiatibus</strong></span> <span class='ocrx_word' id='word_1_23' title='bbox 279 515 373 561; x_wconf 91' lang='lat' dir='ltr'><strong>unum</strong></span> <span class='ocrx_word' id='word_1_24' title='bbox 404 494 475 560; x_wconf 88' lang='lat' dir='ltr'><strong>cod</strong></span> <span class='ocrx_word' id='word_1_25' title='bbox 495 502 619 563; x_wconf 79' lang='lat' dir='ltr'><strong>auctor.</strong></span> <span class='ocrx_word' id='word_1_26' title='bbox 647 512 681 563; x_wconf 92' lang='lat' dir='ltr'><strong>c</strong></span> <span class='ocrx_word' id='word_1_27' title='bbox 702 501 816 584; x_wconf 77' lang='lat' dir='ltr'><strong>X-Xl,</strong></span> <span class='ocrx_word' id='word_1_28' title='bbox 845 490 979 584; x_wconf 58' lang='lat' dir='ltr'><strong>dundee</strong></span> <span class='ocrx_word' id='word_1_29' title='bbox 1006 499 1194 582; x_wconf 86' lang='lat' dir='ltr'><strong>conjectura</strong></span> 
     </span>
     <span class='ocr_line' id='line_1_5' title="bbox 103 595 1193 707; baseline 0.001 -45"><span class='ocrx_word' id='word_1_30' title='bbox 103 596 186 662; x_wconf 74' lang='lat' dir='ltr'><strong>nliis</strong></span> <span class='ocrx_word' id='word_1_31' title='bbox 211 595 254 662; x_wconf 93' lang='lat' dir='ltr'><strong>de</strong></span> <span class='ocrx_word' id='word_1_32' title='bbox 280 597 391 662; x_wconf 84' lang='lat' dir='ltr'><strong>censis</strong></span> <span class='ocrx_word' id='word_1_33' title='bbox 420 595 634 682; x_wconf 78' lang='lat' dir='ltr'><strong>probabilis.</strong></span> <span class='ocrx_word' id='word_1_34' title='bbox 661 601 754 665; x_wconf 88' lang='lat' dir='ltr'><strong>XIV.</strong></span> <span class='ocrx_word' id='word_1_35' title='bbox 783 599 845 665; x_wconf 81' lang='lat' dir='ltr'><strong>bis.</strong></span> <span class='ocrx_word' id='word_1_36' title='bbox 876 605 911 665; x_wconf 91' lang='lat' dir='ltr'><strong>et</strong></span> <span class='ocrx_word' id='word_1_37' title='bbox 936 618 1049 665; x_wconf 92' lang='lat' dir='ltr'><strong>unum</strong></span> <span class='ocrx_word' id='word_1_38' title='bbox 1056 607 1193 707; x_wconf 82' lang='lat' dir='ltr'><strong>propter</strong></span> 
     </span>
     <span class='ocr_line' id='line_1_6' title="bbox 99 696 1174 784; baseline -0.003 -21"><span class='ocrx_word' id='word_1_39' title='bbox 99 696 267 763; x_wconf 74' lang='lat' dir='ltr'><strong>vocalium</strong></span> <span class='ocrx_word' id='word_1_40' title='bbox 289 703 546 777; x_wconf 84' lang='lat' dir='ltr'><strong>concursum(o.</strong></span> <span class='ocrx_word' id='word_1_41' title='bbox 566 700 658 778; x_wconf 81' lang='lat' dir='ltr'><strong>XX)</strong></span> <span class='ocrx_word' id='word_1_42' title='bbox 681 700 838 784; x_wconf 76' lang='lat' dir='ltr'>corriges</span> <span class='ocrx_word' id='word_1_43' title='bbox 916 742 920 751; x_wconf 87' lang='lat'>·</span> <span class='ocrx_word' id='word_1_44' title='bbox 1094 748 1097 755; x_wconf 95' lang='lat'><strong>.</strong></span> <span class='ocrx_word' id='word_1_45' title='bbox 1137 722 1174 760; x_wconf 81' lang='lat' dir='ltr'><strong>..·r</strong></span> 
     </span>
     <span class='ocr_line' id='line_1_7' title="bbox 190 795 1192 893; baseline 0.006 -33"><span class='ocrx_word' id='word_1_46' title='bbox 190 795 228 861; x_wconf 92' lang='lat' dir='ltr'><strong>lu</strong></span> <span class='ocrx_word' id='word_1_47' title='bbox 250 796 374 876; x_wconf 91' lang='lat' dir='ltr'><strong>libello,</strong></span> <span class='ocrx_word' id='word_1_48' title='bbox 415 816 479 884; x_wconf 84' lang='lat' dir='ltr'><strong>qno</strong></span> <span class='ocrx_word' id='word_1_49' title='bbox 508 816 639 883; x_wconf 87' lang='lat' dir='ltr'><strong>aquae</strong></span> <span class='ocrx_word' id='word_1_50' title='bbox 669 800 739 866; x_wconf 88' lang='lat' dir='ltr'><strong>et</strong></span> <span class='ocrx_word' id='word_1_51' title='bbox 730 801 837 893; x_wconf 73' lang='lat' dir='ltr'><strong>rgnis</strong></span> <span class='ocrx_word' id='word_1_52' title='bbox 859 798 1117 885; x_wconf 86' lang='lat' dir='ltr'><strong>comparatio</strong></span> <span class='ocrx_word' id='word_1_53' title='bbox 1137 805 1192 866; x_wconf 86' lang='lat' dir='ltr'><strong>est</strong></span> 
     </span>
     <span class='ocr_line' id='line_1_8' title="bbox 98 894 1193 985; baseline 0.005 -23"><span class='ocrx_word' id='word_1_54' title='bbox 98 896 266 978; x_wconf 83' lang='lat' dir='ltr'><strong>instituta,</strong></span> <span class='ocrx_word' id='word_1_55' title='bbox 287 915 317 963; x_wconf 92' lang='lat' dir='ltr'><strong>c.</strong></span> <span class='ocrx_word' id='word_1_56' title='bbox 335 898 362 962; x_wconf 91' lang='lat' dir='ltr'><strong>l.</strong></span> <span class='ocrx_word' id='word_1_57' title='bbox 385 894 477 963; x_wconf 77' lang='grc'><strong>955.</strong></span> <span class='ocrx_word' id='word_1_58' title='bbox 497 916 528 964; x_wconf 87' lang='lat' dir='ltr'><strong>e.</strong></span> <span class='ocrx_word' id='word_1_59' title='bbox 552 899 731 985; x_wconf 86' lang='lat' dir='ltr'><strong>Wyttenb.</strong></span> <span class='ocrx_word' id='word_1_60' title='bbox 746 919 790 967; x_wconf 86' lang='lat' dir='ltr'><strong>ex</strong></span> <span class='ocrx_word' id='word_1_61' title='bbox 813 900 883 967; x_wconf 88' lang='lat' dir='ltr'><strong>Pol.</strong></span> <span class='ocrx_word' id='word_1_62' title='bbox 905 899 1104 967; x_wconf 76' lang='lat' dir='ltr'><strong>daumlllem</strong></span> <span class='ocrx_word' id='word_1_63' title='bbox 1117 905 1193 966; x_wconf 78' lang='grc' dir='ltr'><strong><em>ανα-</em></strong></span> 
     </span>
     <span class='ocr_line' id='line_1_9' title="bbox 99 996 1193 1083; baseline 0.004 -23"><span class='ocrx_word' id='word_1_64' title='bbox 99 1002 185 1080; x_wconf 73' lang='lat' dir='ltr'><strong>tepor</strong></span> <span class='ocrx_word' id='word_1_65' title='bbox 214 1003 292 1064; x_wconf 90' lang='lat' dir='ltr'><strong>ante</strong></span> <span class='ocrx_word' id='word_1_66' title='bbox 312 1003 385 1064; x_wconf 77' lang='lat' dir='ltr'><strong>teor</strong></span> <span class='ocrx_word' id='word_1_67' title='bbox 410 1016 469 1082; x_wconf 92' lang='lat' dir='ltr'><strong>pro</strong></span> <span class='ocrx_word' id='word_1_68' title='bbox 490 999 587 1083; x_wconf 82' lang='lat' dir='ltr'><strong>vulg.</strong></span> <span class='ocrx_word' id='word_1_69' title='bbox 606 996 758 1083; x_wconf 70' lang='grc' dir='ltr'><strong><em>ἑκάτερον</em></strong></span> <span class='ocrx_word' id='word_1_70' title='bbox 788 999 888 1067; x_wconf 85' lang='lat' dir='ltr'><strong>dedit.</strong></span> <span class='ocrx_word' id='word_1_71' title='bbox 908 999 971 1064; x_wconf 90' lang='lat' dir='ltr'><strong>·-ln</strong></span> <span class='ocrx_word' id='word_1_72' title='bbox 999 999 1082 1067; x_wconf 86' lang='lat' dir='ltr'><strong>Vem</strong></span> <span class='ocrx_word' id='word_1_73' title='bbox 1110 997 1193 1066; x_wconf 84' lang='lat' dir='ltr'><strong>Coll.</strong></span> 
     </span>
     <span class='ocr_line' id='line_1_10' title="bbox 98 1094 1192 1187; baseline 0.004 -27"><span class='ocrx_word' id='word_1_74' title='bbox 98 1096 190 1162; x_wconf 78' lang='lat' dir='ltr'><strong>NoV·</strong></span> <span class='ocrx_word' id='word_1_75' title='bbox 211 1105 265 1164; x_wconf 88' lang='lat' dir='ltr'><strong>est</strong></span> <span class='ocrx_word' id='word_1_76' title='bbox 285 1094 452 1184; x_wconf 76' lang='grc' dir='ltr'><strong><em>ἑκάτερος,</em></strong></span> <span class='ocrx_word' id='word_1_77' title='bbox 479 1098 526 1163; x_wconf 82' lang='lat' dir='ltr'><strong>itu</strong></span> <span class='ocrx_word' id='word_1_78' title='bbox 548 1105 583 1163; x_wconf 90' lang='lat' dir='ltr'><strong>nt</strong></span> <span class='ocrx_word' id='word_1_79' title='bbox 603 1103 759 1186; x_wconf 67' lang='lat' dir='ltr'><strong>excrepate</strong></span> <span class='ocrx_word' id='word_1_80' title='bbox 779 1100 897 1185; x_wconf 81' lang='lat' dir='ltr'><strong>conjici</strong></span> <span class='ocrx_word' id='word_1_81' title='bbox 924 1100 1041 1187; x_wconf 74' lang='lat' dir='ltr'><strong>possit·</strong></span> <span class='ocrx_word' id='word_1_82' title='bbox 1083 1094 1122 1165; x_wconf 79' lang='lat' dir='ltr'><strong>C·</strong></span> <span class='ocrx_word' id='word_1_83' title='bbox 1148 1102 1192 1164; x_wconf 88' lang='lat' dir='ltr'><strong>ll.</strong></span> 
     </span>
     <span class='ocr_line' id='line_1_11' title="bbox 98 1195 1195 1288; baseline 0.004 -26"><span class='ocrx_word' id='word_1_84' title='bbox 98 1197 211 1263; x_wconf 85' lang='lat' dir='ltr'><strong>minus</strong></span> <span class='ocrx_word' id='word_1_85' title='bbox 232 1197 379 1264; x_wconf 80' lang='lat' dir='ltr'><strong>offendas</strong></span> <span class='ocrx_word' id='word_1_86' title='bbox 399 1198 434 1262; x_wconf 93' lang='lat' dir='ltr'><strong>in</strong></span> <span class='ocrx_word' id='word_1_87' title='bbox 456 1196 545 1263; x_wconf 84' lang='lat' dir='ltr'><strong>biutn</strong></span> <span class='ocrx_word' id='word_1_88' title='bbox 565 1199 600 1264; x_wconf 92' lang='lat' dir='ltr'><strong>in</strong></span> <span class='ocrx_word' id='word_1_89' title='bbox 619 1201 768 1266; x_wconf 75' lang='lat' dir='ltr'><strong>verbisr¹</strong></span> <span class='ocrx_word' id='word_1_90' title='bbox 793 1199 853 1267; x_wconf 74' lang='grc' dir='ltr'><strong>οὐκ</strong></span> <span class='ocrx_word' id='word_1_91' title='bbox 873 1199 952 1266; x_wconf 79' lang='grc' dir='ltr'><strong><em>ἄνευ</em></strong></span> <span class='ocrx_word' id='word_1_92' title='bbox 972 1195 1109 1288; x_wconf 71' lang='grc' dir='ltr'><strong><em>ὕδατος,</em></strong></span> <span class='ocrx_word' id='word_1_93' title='bbox 1130 1218 1195 1266; x_wconf 93' lang='lat' dir='ltr'><strong>non</strong></span> 
     </span>
     <span class='ocr_line' id='line_1_12' title="bbox 100 1296 1193 1383; baseline -0.001 -19"><span class='ocrx_word' id='word_1_94' title='bbox 100 1298 191 1364; x_wconf 84' lang='lat' dir='ltr'><strong>male</strong></span> <span class='ocrx_word' id='word_1_95' title='bbox 211 1303 319 1371; x_wconf 84' lang='lat' dir='ltr'><strong>tamen</strong></span> <span class='ocrx_word' id='word_1_96' title='bbox 342 1297 417 1364; x_wconf 88' lang='lat' dir='ltr'><strong>aliis</strong></span> <span class='ocrx_word' id='word_1_97' title='bbox 437 1297 480 1363; x_wconf 89' lang='lat' dir='ltr'><strong>de</strong></span> <span class='ocrx_word' id='word_1_98' title='bbox 502 1298 612 1364; x_wconf 88' lang='lat' dir='ltr'><strong>causis</strong></span> <span class='ocrx_word' id='word_1_99' title='bbox 641 1300 738 1366; x_wconf 86' lang='lat' dir='ltr'><strong>lectio</strong></span> <span class='ocrx_word' id='word_1_100' title='bbox 760 1303 859 1367; x_wconf 86' lang='lat' dir='ltr'><strong>Turn.</strong></span> <span class='ocrx_word' id='word_1_101' title='bbox 892 1298 978 1366; x_wconf 72' lang='lat' dir='ltr'><strong>este·</strong></span> <span class='ocrx_word' id='word_1_102' title='bbox 1012 1299 1085 1383; x_wconf 72' lang='grc' dir='ltr'><strong><em>βίοι</em></strong></span> <span class='ocrx_word' id='word_1_103' title='bbox 1115 1296 1193 1364; x_wconf 81' lang='grc' dir='ltr'><strong><em>ἄνευ</em></strong></span> 
     </span>
     <span class='ocr_line' id='line_1_13' title="bbox 95 1393 1195 1490; baseline 0 -26"><span class='ocrx_word' id='word_1_104' title='bbox 95 1397 218 1484; x_wconf 79' lang='grc' dir='ltr'><strong><em>πυρὸς,</em></strong></span> <span class='ocrx_word' id='word_1_105' title='bbox 240 1397 301 1465; x_wconf 79' lang='grc' dir='ltr'><strong>οὐκ</strong></span> <span class='ocrx_word' id='word_1_106' title='bbox 321 1398 399 1465; x_wconf 82' lang='grc' dir='ltr'><strong><em>ἄνευ</em></strong></span> <span class='ocrx_word' id='word_1_107' title='bbox 419 1396 563 1490; x_wconf 77' lang='lat' dir='ltr'><strong>dd·(scr.</strong></span> <span class='ocrx_word' id='word_1_108' title='bbox 586 1393 644 1486; x_wconf 80' lang='grc' dir='ltr'><strong>δ’)</strong></span> <span class='ocrx_word' id='word_1_109' title='bbox 667 1396 794 1478; x_wconf 81' lang='grc' dir='ltr'><strong><em>ὕδατος.</em></strong></span> <span class='ocrx_word' id='word_1_110' title='bbox 835 1399 993 1467; x_wconf 80' lang='lat' dir='ltr'><strong>Reiskim</strong></span> <span class='ocrx_word' id='word_1_111' title='bbox 1018 1406 1097 1465; x_wconf 82' lang='lat' dir='ltr'><strong>ante</strong></span> <span class='ocrx_word' id='word_1_112' title='bbox 1122 1399 1195 1483; x_wconf 73' lang='grc' dir='ltr'><strong>βίος</strong></span> 
     </span>
     <span class='ocr_line' id='line_1_14' title="bbox 99 1495 1194 1586; baseline -0.002 -21"><span class='ocrx_word' id='word_1_113' title='bbox 99 1499 202 1565; x_wconf 78' lang='lat' dir='ltr'><strong>edam</strong></span> <span class='ocrx_word' id='word_1_114' title='bbox 223 1496 276 1565; x_wconf 86' lang='grc' dir='ltr'><strong>ὅτε</strong></span> <span class='ocrx_word' id='word_1_115' title='bbox 294 1495 312 1564; x_wconf 87' lang='grc' dir='ltr'>ὁ</span> <span class='ocrx_word' id='word_1_116' title='bbox 332 1498 410 1565; x_wconf 81' lang='lat' dir='ltr'><strong>addi</strong></span> <span class='ocrx_word' id='word_1_117' title='bbox 432 1500 535 1567; x_wconf 89' lang='lat' dir='ltr'><strong>voluit</strong></span> <span class='ocrx_word' id='word_1_118' title='bbox 556 1506 592 1565; x_wconf 87' lang='lat' dir='ltr'><strong>et</strong></span> <span class='ocrx_word' id='word_1_119' title='bbox 609 1499 779 1585; x_wconf 85' lang='lat' dir='ltr'><strong>Wyttenb.</strong></span> <span class='ocrx_word' id='word_1_120' title='bbox 803 1502 932 1567; x_wconf 90' lang='lat' dir='ltr'><strong>omnino</strong></span> <span class='ocrx_word' id='word_1_121' title='bbox 954 1500 1117 1586; x_wconf 66' lang='lat' dir='ltr'><strong>teoprobo</strong></span> <span class='ocrx_word' id='word_1_122' title='bbox 1138 1498 1194 1565; x_wconf 87' lang='lat' dir='ltr'><strong>vel</strong></span> 
     </span>
     <span class='ocr_line' id='line_1_15' title="bbox 100 1589 1197 1686; baseline 0.003 -23"><span class='ocrx_word' id='word_1_123' title='bbox 100 1599 210 1665; x_wconf 84' lang='lat' dir='ltr'><strong>simile</strong></span> <span class='ocrx_word' id='word_1_124' title='bbox 230 1598 306 1686; x_wconf 88' lang='lat' dir='ltr'><strong>quid</strong></span> <span class='ocrx_word' id='word_1_125' title='bbox 326 1600 471 1686; x_wconf 75' lang='lat' dir='ltr'><strong>requirit,</strong></span> <span class='ocrx_word' id='word_1_126' title='bbox 493 1599 607 1686; x_wconf 84' lang='lat' dir='ltr'><strong>quibus</strong></span> <span class='ocrx_word' id='word_1_127' title='bbox 629 1598 859 1669; x_wconf 73' lang='lat' dir='ltr'><strong>additamentis</strong></span> <span class='ocrx_word' id='word_1_128' title='bbox 881 1601 913 1668; x_wconf 87' lang='lat' dir='ltr'><strong>si</strong></span> <span class='ocrx_word' id='word_1_129' title='bbox 933 1600 1118 1666; x_wconf 79' lang='lat' dir='ltr'><strong>&#39;l&#39;urnebum</strong></span> <span class='ocrx_word' id='word_1_130' title='bbox 1139 1589 1197 1686; x_wconf 51' lang='lat' dir='ltr'><strong>seq</strong></span> 
     </span>
     <span class='ocr_line' id='line_1_16' title="bbox 100 1696 1194 1787; baseline 0.004 -23"><span class='ocrx_word' id='word_1_131' title='bbox 100 1699 238 1787; x_wconf 81' lang='lat' dir='ltr'><strong>quium,</strong></span> <span class='ocrx_word' id='word_1_132' title='bbox 260 1719 374 1767; x_wconf 89' lang='lat' dir='ltr'><strong>carere</strong></span> <span class='ocrx_word' id='word_1_133' title='bbox 394 1719 575 1787; x_wconf 90' lang='lat' dir='ltr'><strong>possumus.</strong></span> <span class='ocrx_word' id='word_1_134' title='bbox 619 1696 707 1766; x_wconf 78' lang='lat' dir='ltr'><strong>Sunt</strong></span> <span class='ocrx_word' id='word_1_135' title='bbox 725 1700 836 1768; x_wconf 84' lang='lat' dir='ltr'><strong>tamen</strong></span> <span class='ocrx_word' id='word_1_136' title='bbox 858 1701 923 1768; x_wconf 91' lang='lat' dir='ltr'><strong>alia</strong></span> <span class='ocrx_word' id='word_1_137' title='bbox 942 1701 977 1767; x_wconf 87' lang='lat' dir='ltr'><strong>in</strong></span> <span class='ocrx_word' id='word_1_138' title='bbox 998 1700 1062 1780; x_wconf 85' lang='lat' dir='ltr'><strong>boc</strong></span> <span class='ocrx_word' id='word_1_139' title='bbox 1074 1699 1194 1782; x_wconf 89' lang='lat' dir='ltr'><strong>libello,</strong></span> 
     </span>
     <span class='ocr_line' id='line_1_17' title="bbox 101 1797 1194 1888; baseline 0.004 -24"><span class='ocrx_word' id='word_1_140' title='bbox 101 1798 221 1885; x_wconf 79' lang='lat' dir='ltr'><strong>quibus</strong></span> <span class='ocrx_word' id='word_1_141' title='bbox 237 1801 311 1882; x_wconf 86' lang='lat' dir='ltr'><strong>jnre</strong></span> <span class='ocrx_word' id='word_1_142' title='bbox 333 1802 499 1880; x_wconf 85' lang='lat' dir='ltr'><strong>onendas,</strong></span> <span class='ocrx_word' id='word_1_143' title='bbox 535 1800 638 1867; x_wconf 89' lang='lat' dir='ltr'><strong>veluti</strong></span> <span class='ocrx_word' id='word_1_144' title='bbox 659 1819 686 1866; x_wconf 90' lang='grc' dir='ltr'><strong>ο.</strong></span> <span class='ocrx_word' id='word_1_145' title='bbox 708 1801 735 1866; x_wconf 92' lang='lat' dir='ltr'><strong>l.</strong></span> <span class='ocrx_word' id='word_1_146' title='bbox 757 1799 854 1867; x_wconf 73' lang='grc' dir='ltr'><strong><em>ἑαυτὸ</em></strong></span> <span class='ocrx_word' id='word_1_147' title='bbox 875 1797 1104 1888; x_wconf 68' lang='grc' dir='ltr'><strong><em>ἐκλαμβάνοι,</em></strong></span> <span class='ocrx_word' id='word_1_148' title='bbox 1139 1801 1194 1868; x_wconf 88' lang='lat' dir='ltr'><strong>ubi</strong></span> 
     </span>
     <span class='ocr_line' id='line_1_18' title="bbox 102 1897 1194 1986; baseline 0.004 -21"><span class='ocrx_word' id='word_1_149' title='bbox 102 1899 224 1965; x_wconf 81' lang='lat' dir='ltr'><strong>neisk.</strong></span> <span class='ocrx_word' id='word_1_150' title='bbox 245 1906 301 1966; x_wconf 87' lang='lat' dir='ltr'><strong>aut</strong></span> <span class='ocrx_word' id='word_1_151' title='bbox 323 1897 564 1986; x_wconf 69' lang='grc' dir='ltr'><strong>ὑπολαμβάνειν</strong></span> <span class='ocrx_word' id='word_1_152' title='bbox 584 1909 641 1968; x_wconf 87' lang='lat' dir='ltr'><strong>aut</strong></span> <span class='ocrx_word' id='word_1_153' title='bbox 662 1898 784 1969; x_wconf 76' lang='grc' dir='ltr'><strong><em>ἐκλύειν</em></strong></span> <span class='ocrx_word' id='word_1_154' title='bbox 805 1903 926 1969; x_wconf 83' lang='lat' dir='ltr'><strong>maluit·</strong></span> <span class='ocrx_word' id='word_1_155' title='bbox 968 1899 1008 1968; x_wconf 79' lang='lat' dir='ltr'><strong>c:</strong></span> <span class='ocrx_word' id='word_1_156' title='bbox 1020 1900 1194 1975; x_wconf 78' lang='grc' dir='ltr'><strong><em>ΙΙΙ.-λοιπο“ι</em></strong></span> 
     </span>
     <span class='ocr_line' id='line_1_19' title="bbox 100 1996 1193 2091; baseline 0.005 -26"><span class='ocrx_word' id='word_1_157' title='bbox 100 1996 239 2086; x_wconf 78' lang='grc' dir='ltr'><strong><em>ἀπύροις</em></strong></span> <span class='ocrx_word' id='word_1_158' title='bbox 259 2005 295 2083; x_wconf 79' lang='lat' dir='ltr'><strong>et</strong></span> <span class='ocrx_word' id='word_1_159' title='bbox 315 1999 393 2066; x_wconf 80' lang='grc' dir='ltr'><strong><em>ἄνευ</em></strong></span> <span class='ocrx_word' id='word_1_160' title='bbox 413 2003 556 2068; x_wconf 67' lang='grc' dir='ltr'><strong><em>ἵσταται.</em></strong></span> <span class='ocrx_word' id='word_1_161' title='bbox 601 2002 639 2069; x_wconf 83' lang='lat' dir='ltr'><strong>C.</strong></span> <span class='ocrx_word' id='word_1_162' title='bbox 663 2007 723 2071; x_wconf 92' lang='lat' dir='ltr'><strong>1v.</strong></span> <span class='ocrx_word' id='word_1_163' title='bbox 745 2010 919 2091; x_wconf 73' lang='grc' dir='ltr'><strong><em>παρέχεται</em></strong></span> <span class='ocrx_word' id='word_1_164' title='bbox 940 1997 1145 2083; x_wconf 72' lang='grc' dir='ltr'><strong><em>αὐξανόμενα</em></strong></span> <span class='ocrx_word' id='word_1_165' title='bbox 1157 2008 1193 2070; x_wconf 82' lang='lat' dir='ltr'><strong>et</strong></span> 
     </span>
     <span class='ocr_line' id='line_1_20' title="bbox 102 2099 1193 2191; baseline 0.002 -24"><span class='ocrx_word' id='word_1_166' title='bbox 102 2102 394 2184; x_wconf 75' lang='grc' dir='ltr'><strong><em>καταριθμεῖσθαι</em></strong></span> <span class='ocrx_word' id='word_1_167' title='bbox 416 2100 516 2168; x_wconf 81' lang='grc' dir='ltr'><strong><em>οἶνον.</em></strong></span> <span class='ocrx_word' id='word_1_168' title='bbox 561 2099 607 2169; x_wconf 71' lang='lat'><strong>0.</strong></span> <span class='ocrx_word' id='word_1_169' title='bbox 621 2107 681 2170; x_wconf 91' lang='lat' dir='ltr'><strong>Vl.</strong></span> <span class='ocrx_word' id='word_1_170' title='bbox 710 2099 933 2191; x_wconf 85' lang='grc' dir='ltr'><strong><em>μετριότηται,</em></strong></span> <span class='ocrx_word' id='word_1_171' title='bbox 962 2099 1002 2190; x_wconf 81' lang='grc' dir='ltr'><strong>ἦ,</strong></span> <span class='ocrx_word' id='word_1_172' title='bbox 1031 2102 1085 2169; x_wconf 86' lang='lat' dir='ltr'><strong>ubi</strong></span> <span class='ocrx_word' id='word_1_173' title='bbox 1111 2100 1133 2182; x_wconf 83' lang='grc' dir='ltr'><em>ἢ</em></span> <span class='ocrx_word' id='word_1_174' title='bbox 1158 2103 1193 2170; x_wconf 87' lang='lat' dir='ltr'><strong>in</strong></span> 
     </span>
     <span class='ocr_line' id='line_1_21' title="bbox 101 2199 1218 2290; baseline 0.001 -22"><span class='ocrx_word' id='word_1_175' title='bbox 101 2199 183 2268; x_wconf 83' lang='lat' dir='ltr'><strong>Ald.</strong></span> <span class='ocrx_word' id='word_1_176' title='bbox 205 2208 241 2267; x_wconf 89' lang='lat' dir='ltr'><strong>et</strong></span> <span class='ocrx_word' id='word_1_177' title='bbox 261 2201 338 2267; x_wconf 84' lang='lat' dir='ltr'><strong>Bas</strong></span> <span class='ocrx_word' id='word_1_178' title='bbox 359 2203 471 2285; x_wconf 87' lang='lat' dir='ltr'><strong>abest,</strong></span> <span class='ocrx_word' id='word_1_179' title='bbox 494 2203 553 2270; x_wconf 91' lang='lat' dir='ltr'><strong>sed</strong></span> <span class='ocrx_word' id='word_1_180' title='bbox 576 2223 597 2271; x_wconf 93' lang='lat' dir='ltr'><strong>a</strong></span> <span class='ocrx_word' id='word_1_181' title='bbox 617 2204 694 2290; x_wconf 87' lang='lat' dir='ltr'><strong>Xyl.</strong></span> <span class='ocrx_word' id='word_1_182' title='bbox 710 2206 786 2287; x_wconf 91' lang='lat' dir='ltr'><strong>jure</strong></span> <span class='ocrx_word' id='word_1_183' title='bbox 807 2203 1024 2281; x_wconf 85' lang='lat' dir='ltr'><strong>desideratur.</strong></span> <span class='ocrx_word' id='word_1_184' title='bbox 1067 2203 1113 2269; x_wconf 91' lang='lat' dir='ltr'><strong>lb.</strong></span> <span class='ocrx_word' id='word_1_185' title='bbox 1129 2199 1193 2290; x_wconf 84' lang='grc' dir='ltr'><strong>φύ-</strong></span> <span class='ocrx_word' id='word_1_186' title='bbox 1215 2252 1218 2259; x_wconf 84' lang='grc'><strong><em>.</em></strong></span> 
     </span>
     <span class='ocr_line' id='line_1_22' title="bbox 101 2290 1194 2392; baseline 0.001 -24"><span class='ocrx_word' id='word_1_187' title='bbox 101 2324 171 2381; x_wconf 87' lang='grc' dir='ltr'><strong><em>σει,</em></strong></span> <span class='ocrx_word' id='word_1_188' title='bbox 203 2299 376 2390; x_wconf 81' lang='grc' dir='ltr'><strong><em>ὠφέλιμον.</em></strong></span> <span class='ocrx_word' id='word_1_189' title='bbox 421 2303 456 2370; x_wconf 81' lang='lat' dir='ltr'><strong>C.</strong></span> <span class='ocrx_word' id='word_1_190' title='bbox 479 2308 554 2370; x_wconf 87' lang='lat' dir='ltr'><strong>Vll.</strong></span> <span class='ocrx_word' id='word_1_191' title='bbox 575 2301 735 2369; x_wconf 73' lang='grc' dir='ltr'><strong><em>θάλαττα</em></strong></span> <span class='ocrx_word' id='word_1_192' title='bbox 754 2290 801 2380; x_wconf 77' lang='grc' dir='ltr'><strong>ἢν.</strong></span> <span class='ocrx_word' id='word_1_193' title='bbox 845 2299 962 2386; x_wconf 59' lang='lat' dir='ltr'><strong>(Uli.</strong></span> <span class='ocrx_word' id='word_1_194' title='bbox 992 2327 1043 2392; x_wconf 75' lang='lat' dir='ltr'><strong>rr,</strong></span> <span class='ocrx_word' id='word_1_195' title='bbox 1068 2300 1110 2384; x_wconf 80' lang='grc' dir='ltr'><strong>ἢ,</strong></span> <span class='ocrx_word' id='word_1_196' title='bbox 1139 2304 1194 2369; x_wconf 86' lang='lat' dir='ltr'><strong>ubi</strong></span> 
     </span>
     <span class='ocr_line' id='line_1_23' title="bbox 99 2397 1194 2490; baseline -0.003 -20"><span class='ocrx_word' id='word_1_197' title='bbox 99 2403 205 2470; x_wconf 82' lang='lat' dir='ltr'><strong>Turn.</strong></span> <span class='ocrx_word' id='word_1_198' title='bbox 227 2423 286 2489; x_wconf 92' lang='lat' dir='ltr'><strong>pro</strong></span> <span class='ocrx_word' id='word_1_199' title='bbox 307 2401 327 2483; x_wconf 80' lang='grc' dir='ltr'><em>ἢ</em></span> <span class='ocrx_word' id='word_1_200' title='bbox 349 2404 448 2470; x_wconf 89' lang='lat' dir='ltr'><strong>babet</strong></span> <span class='ocrx_word' id='word_1_201' title='bbox 468 2407 572 2470; x_wconf 81' lang='grc' dir='ltr'><strong><em>πλέον.</em></strong></span> <span class='ocrx_word' id='word_1_202' title='bbox 616 2404 662 2470; x_wconf 89' lang='lat' dir='ltr'><strong>lb</strong></span> <span class='ocrx_word' id='word_1_203' title='bbox 691 2397 765 2481; x_wconf 78' lang='grc' dir='ltr'><strong>οὐχὶ</strong></span> <span class='ocrx_word' id='word_1_204' title='bbox 792 2399 812 2480; x_wconf 84' lang='grc' dir='ltr'><em>ἢ</em></span> <span class='ocrx_word' id='word_1_205' title='bbox 840 2408 876 2469; x_wconf 90' lang='lat' dir='ltr'><strong>et</strong></span> <span class='ocrx_word' id='word_1_206' title='bbox 904 2399 1011 2490; x_wconf 79' lang='grc' dir='ltr'><strong><em>θερμὴ</em></strong></span> <span class='ocrx_word' id='word_1_207' title='bbox 1048 2398 1194 2488; x_wconf 75' lang='grc' dir='ltr'><strong>ὑγρότης.</strong></span> 
     </span>
     <span class='ocr_line' id='line_1_24' title="bbox 102 2499 1193 2591; baseline 0 -19"><span class='ocrx_word' id='word_1_208' title='bbox 102 2502 144 2572; x_wconf 77' lang='lat' dir='ltr'><strong>G.</strong></span> <span class='ocrx_word' id='word_1_209' title='bbox 165 2509 224 2574; x_wconf 91' lang='lat' dir='ltr'><strong>Xl.</strong></span> <span class='ocrx_word' id='word_1_210' title='bbox 247 2501 445 2588; x_wconf 81' lang='grc' dir='ltr'><strong><em>γενέσθαι</em></strong></span> <span class='ocrx_word' id='word_1_211' title='bbox 428 2529 447 2570; x_wconf 93' lang='lat' dir='ltr'><strong>o</strong></span> <span class='ocrx_word' id='word_1_212' title='bbox 469 2502 656 2590; x_wconf 82' lang='grc' dir='ltr'><strong><em>ανθριοπος.</em></strong></span> <span class='ocrx_word' id='word_1_213' title='bbox 702 2501 739 2571; x_wconf 80' lang='lat' dir='ltr'>C</span> <span class='ocrx_word' id='word_1_214' title='bbox 759 2506 851 2568; x_wconf 86' lang='lat' dir='ltr'><strong>Xlll.</strong></span> <span class='ocrx_word' id='word_1_215' title='bbox 878 2499 980 2591; x_wconf 78' lang='grc' dir='ltr'><strong><em>φύσει</em></strong></span> <span class='ocrx_word' id='word_1_216' title='bbox 1001 2500 1136 2586; x_wconf 75' lang='grc' dir='ltr'><strong><em>οὐδεμία</em></strong></span> <span class='ocrx_word' id='word_1_217' title='bbox 1153 2511 1193 2572; x_wconf 83' lang='lat' dir='ltr'><strong>&#39;et</strong></span> 
     </span>
     <span class='ocr_line' id='line_1_25' title="bbox 101 2594 725 2698; baseline -0.002 -26"><span class='ocrx_word' id='word_1_218' title='bbox 101 2594 725 2698; x_wconf 68' lang='grc' dir='ltr'><strong><em>ἕξαμμα(Χγ1.Με.ἕξαλμα)οοσα.</em></strong></span> 
     </span>
    </p>

    <p class='ocr_par' dir='ltr' id='par_1_3' title="bbox 100 2674 1279 4102">
     <span class='ocr_line' id='line_1_26' title="bbox 191 2674 1193 2792; baseline -0.002 -19"><span class='ocrx_word' id='word_1_219' title='bbox 191 2705 283 2788; x_wconf 79' lang='lat' dir='ltr'><strong>Quae</strong></span> <span class='ocrx_word' id='word_1_220' title='bbox 305 2725 376 2773; x_wconf 89' lang='lat' dir='ltr'><strong>eum</strong></span> <span class='ocrx_word' id='word_1_221' title='bbox 397 2707 445 2772; x_wconf 86' lang='lat' dir='ltr'><strong>ita</strong></span> <span class='ocrx_word' id='word_1_222' title='bbox 465 2707 533 2771; x_wconf 89' lang='lat' dir='ltr'><strong>sint</strong></span> <span class='ocrx_word' id='word_1_223' title='bbox 545 2751 557 2788; x_wconf 90' lang='lat'>‚</span> <span class='ocrx_word' id='word_1_224' title='bbox 599 2726 664 2773; x_wconf 89' lang='lat' dir='ltr'><strong>non</strong></span> <span class='ocrx_word' id='word_1_225' title='bbox 691 2704 817 2792; x_wconf 88' lang='lat' dir='ltr'><strong>poteris</strong></span> <span class='ocrx_word' id='word_1_226' title='bbox 844 2723 909 2771; x_wconf 92' lang='lat' dir='ltr'><strong>nou</strong></span> <span class='ocrx_word' id='word_1_227' title='bbox 926 2674 1007 2771; x_wconf 89' lang='lat' dir='ltr'><strong>oum</strong></span> <span class='ocrx_word' id='word_1_228' title='bbox 1028 2704 1193 2791; x_wconf 82' lang='lat' dir='ltr'><strong>Wytten-</strong></span> 
     </span>
     <span class='ocr_line' id='line_1_27' title="bbox 103 2804 1194 2893; baseline -0.002 -17"><span class='ocrx_word' id='word_1_229' title='bbox 103 2809 219 2876; x_wconf 87' lang='lat' dir='ltr'><strong>bachio</strong></span> <span class='ocrx_word' id='word_1_230' title='bbox 242 2810 362 2885; x_wconf 87' lang='lat' dir='ltr'><strong>lacere,</strong></span> <span class='ocrx_word' id='word_1_231' title='bbox 385 2807 439 2892; x_wconf 87' lang='lat' dir='ltr'><strong>qui</strong></span> <span class='ocrx_word' id='word_1_232' title='bbox 461 2804 587 2893; x_wconf 88' lang='lat' dir='ltr'><strong>quidem</strong></span> <span class='ocrx_word' id='word_1_233' title='bbox 608 2806 693 2873; x_wconf 86' lang='lat' dir='ltr'><strong>bunc</strong></span> <span class='ocrx_word' id='word_1_234' title='bbox 714 2807 857 2872; x_wconf 90' lang='lat' dir='ltr'><strong>libellum</strong></span> <span class='ocrx_word' id='word_1_235' title='bbox 872 2805 1100 2873; x_wconf 88' lang='lat' dir='ltr'><strong>Plutarcheum</strong></span> <span class='ocrx_word' id='word_1_236' title='bbox 1114 2824 1194 2874; x_wconf 88' lang='lat' dir='ltr'><strong>esse</strong></span> 
     </span>
     <span class='ocr_line' id='line_1_28' title="bbox 102 2904 1194 2993; baseline -0.003 -17"><span class='ocrx_word' id='word_1_237' title='bbox 102 2915 251 2991; x_wconf 85' lang='lat' dir='ltr'><strong>censeat,</strong></span> <span class='ocrx_word' id='word_1_238' title='bbox 273 2908 335 2974; x_wconf 87' lang='lat' dir='ltr'><strong>sed</strong></span> <span class='ocrx_word' id='word_1_239' title='bbox 356 2913 547 2993; x_wconf 88' lang='lat' dir='ltr'><strong>excerptum</strong></span> <span class='ocrx_word' id='word_1_240' title='bbox 568 2926 589 2975; x_wconf 92' lang='lat' dir='ltr'><strong>e</strong></span> <span class='ocrx_word' id='word_1_241' title='bbox 609 2906 732 2987; x_wconf 88' lang='lat' dir='ltr'><strong>majore</strong></span> <span class='ocrx_word' id='word_1_242' title='bbox 754 2913 789 2974; x_wconf 92' lang='lat' dir='ltr'><strong>et</strong></span> <span class='ocrx_word' id='word_1_243' title='bbox 809 2913 949 2992; x_wconf 79' lang='lat' dir='ltr'><strong>integra.</strong></span> <span class='ocrx_word' id='word_1_244' title='bbox 992 2904 1087 2987; x_wconf 75' lang='lat' dir='ltr'><strong>Quod</strong></span> <span class='ocrx_word' id='word_1_245' title='bbox 1107 2906 1194 2973; x_wconf 83' lang='lat' dir='ltr'><strong>enin</strong></span> 
     </span>
     <span class='ocr_line' id='line_1_29' title="bbox 102 2996 1192 3092; baseline -0.003 -16"><span class='ocrx_word' id='word_1_246' title='bbox 102 3011 277 3090; x_wconf 72' lang='lat' dir='ltr'><strong>Melius,</strong></span> <span class='ocrx_word' id='word_1_247' title='bbox 303 3007 355 3075; x_wconf 90' lang='lat' dir='ltr'><strong>oui</strong></span> <span class='ocrx_word' id='word_1_248' title='bbox 382 3008 601 3074; x_wconf 86' lang='lat' dir='ltr'><strong>Kaltwasser.</strong></span> <span class='ocrx_word' id='word_1_249' title='bbox 629 3009 791 3092; x_wconf 81' lang='lat' dir='ltr'><strong>assensit,</strong></span> <span class='ocrx_word' id='word_1_250' title='bbox 821 3008 954 3084; x_wconf 87' lang='lat' dir='ltr'><strong>statuit,</strong></span> <span class='ocrx_word' id='word_1_251' title='bbox 989 2996 1126 3072; x_wconf 78' lang='lat' dir='ltr'><strong>forsitan</strong></span> <span class='ocrx_word' id='word_1_252' title='bbox 1140 3005 1192 3086; x_wconf 87' lang='lat' dir='ltr'><strong>id,</strong></span> 
     </span>
     <span class='ocr_line' id='line_1_30' title="bbox 102 3101 1239 3200; baseline -0.001 -25"><span class='ocrx_word' id='word_1_253' title='bbox 102 3106 192 3196; x_wconf 83' lang='lat' dir='ltr'><strong>quod</strong></span> <span class='ocrx_word' id='word_1_254' title='bbox 210 3111 385 3176; x_wconf 86' lang='lat' dir='ltr'><strong>habeamus</strong></span> <span class='ocrx_word' id='word_1_255' title='bbox 407 3109 501 3194; x_wconf 90' lang='lat' dir='ltr'><strong>bujus</strong></span> <span class='ocrx_word' id='word_1_256' title='bbox 523 3109 644 3200; x_wconf 83' lang='lat' dir='ltr'><strong>libelli,</strong></span> <span class='ocrx_word' id='word_1_257' title='bbox 687 3107 906 3176; x_wconf 78' lang='lat' dir='ltr'><strong>tantummodo</strong></span> <span class='ocrx_word' id='word_1_258' title='bbox 924 3107 1030 3172; x_wconf 78' lang='lat' dir='ltr'><strong>luisse</strong></span> <span class='ocrx_word' id='word_1_259' title='bbox 1060 3105 1194 3194; x_wconf 82' lang='lat' dir='ltr'><strong>deposi-</strong></span> <span class='ocrx_word' id='word_1_260' title='bbox 1237 3101 1239 3106; x_wconf 73' lang='grc'><strong>’</strong></span> 
     </span>
     <span class='ocr_line' id='line_1_31' title="bbox 100 3205 1195 3277; baseline -0.001 -1"><span class='ocrx_word' id='word_1_261' title='bbox 100 3215 170 3276; x_wconf 90' lang='lat' dir='ltr'><strong>tarn</strong></span> <span class='ocrx_word' id='word_1_262' title='bbox 191 3211 223 3275; x_wconf 90' lang='lat' dir='ltr'><strong>in</strong></span> <span class='ocrx_word' id='word_1_263' title='bbox 245 3209 449 3276; x_wconf 78' lang='lat' dir='ltr'><strong>adversariis</strong></span> <span class='ocrx_word' id='word_1_264' title='bbox 470 3209 587 3277; x_wconf 90' lang='lat' dir='ltr'><strong>nudam</strong></span> <span class='ocrx_word' id='word_1_265' title='bbox 608 3209 859 3275; x_wconf 83' lang='lat' dir='ltr'><strong>rudimentorum</strong></span> <span class='ocrx_word' id='word_1_266' title='bbox 880 3205 1132 3275; x_wconf 88' lang='lat' dir='ltr'><strong>delineationem</strong></span> <span class='ocrx_word' id='word_1_267' title='bbox 1159 3213 1195 3277; x_wconf 89' lang='lat' dir='ltr'><strong>et</strong></span> 
     </span>
     <span class='ocr_line' id='line_1_32' title="bbox 101 3307 1195 3398; baseline -0.003 -19"><span class='ocrx_word' id='word_1_268' title='bbox 101 3311 397 3397; x_wconf 80' lang='lat' dir='ltr'><strong>adumbrationem,</strong></span> <span class='ocrx_word' id='word_1_269' title='bbox 419 3329 483 3398; x_wconf 87' lang='lat' dir='ltr'><strong>qua</strong></span> <span class='ocrx_word' id='word_1_270' title='bbox 504 3311 602 3376; x_wconf 87' lang='lat' dir='ltr'><strong>latius</strong></span> <span class='ocrx_word' id='word_1_271' title='bbox 623 3307 805 3376; x_wconf 88' lang='lat' dir='ltr'><strong>diducenda</strong></span> <span class='ocrx_word' id='word_1_272' title='bbox 824 3314 859 3374; x_wconf 92' lang='lat' dir='ltr'><strong>et</strong></span> <span class='ocrx_word' id='word_1_273' title='bbox 881 3308 1195 3394; x_wconf 82' lang='lat' dir='ltr'><strong>explicanda-Plut-</strong></span> 
     </span>
     <span class='ocr_line' id='line_1_33' title="bbox 101 3408 1255 3496; baseline -0.002 -16"><span class='ocrx_word' id='word_1_274' title='bbox 101 3412 223 3480; x_wconf 84' lang='lat' dir='ltr'><strong>archus</strong></span> <span class='ocrx_word' id='word_1_275' title='bbox 249 3412 394 3479; x_wconf 86' lang='lat' dir='ltr'><strong>voluerit</strong></span> <span class='ocrx_word' id='word_1_276' title='bbox 422 3416 645 3496; x_wconf 84' lang='lat' dir='ltr'><strong>argumentum</strong></span> <span class='ocrx_word' id='word_1_277' title='bbox 670 3410 705 3476; x_wconf 89' lang='lat' dir='ltr'><strong>in</strong></span> <span class='ocrx_word' id='word_1_278' title='bbox 733 3410 795 3475; x_wconf 90' lang='lat' dir='ltr'><strong>boc</strong></span> <span class='ocrx_word' id='word_1_279' title='bbox 821 3408 929 3475; x_wconf 90' lang='lat' dir='ltr'><strong>libello</strong></span> <span class='ocrx_word' id='word_1_280' title='bbox 957 3411 1081 3495; x_wconf 90' lang='lat' dir='ltr'><strong>maj0re</strong></span> <span class='ocrx_word' id='word_1_281' title='bbox 1115 3429 1195 3477; x_wconf 91' lang='lat' dir='ltr'><strong>cura</strong></span> <span class='ocrx_word' id='word_1_282' title='bbox 1250 3450 1255 3457; x_wconf 94' lang='lat'>·</span> 
     </span>
     <span class='ocr_line' id='line_1_34' title="bbox 100 3509 1194 3599; baseline -0.003 -18"><span class='ocrx_word' id='word_1_283' title='bbox 100 3511 297 3581; x_wconf 83' lang='lat' dir='ltr'><strong>elaborando</strong></span> <span class='ocrx_word' id='word_1_284' title='bbox 320 3519 354 3580; x_wconf 90' lang='lat' dir='ltr'><strong>et</strong></span> <span class='ocrx_word' id='word_1_285' title='bbox 376 3530 526 3578; x_wconf 85' lang='lat' dir='ltr'><strong>sermone</strong></span> <span class='ocrx_word' id='word_1_286' title='bbox 547 3511 730 3596; x_wconf 84' lang='lat' dir='ltr'><strong>copiosiore</strong></span> <span class='ocrx_word' id='word_1_287' title='bbox 751 3515 849 3595; x_wconf 85' lang='lat' dir='ltr'><strong>atque</strong></span> <span class='ocrx_word' id='word_1_288' title='bbox 870 3511 1019 3599; x_wconf 79' lang='lat' dir='ltr'><strong>oratione</strong></span> <span class='ocrx_word' id='word_1_289' title='bbox 1047 3509 1194 3596; x_wconf 78' lang='lat' dir='ltr'><strong>exsequi,</strong></span> 
     </span>
     <span class='ocr_line' id='line_1_35' title="bbox 104 3610 1279 3700; baseline -0.003 -22"><span class='ocrx_word' id='word_1_290' title='bbox 104 3613 141 3680; x_wconf 89' lang='lat' dir='ltr'><strong>id</strong></span> <span class='ocrx_word' id='word_1_291' title='bbox 162 3620 297 3700; x_wconf 90' lang='lat' dir='ltr'><strong>propter</strong></span> <span class='ocrx_word' id='word_1_292' title='bbox 318 3614 423 3698; x_wconf 83' lang='lat' dir='ltr'><strong>ipsam</strong></span> <span class='ocrx_word' id='word_1_293' title='bbox 444 3612 517 3678; x_wconf 84' lang='lat' dir='ltr'><strong>libri</strong></span> <span class='ocrx_word' id='word_1_294' title='bbox 539 3611 776 3698; x_wconf 83' lang='lat' dir='ltr'><strong>conditionem,</strong></span> <span class='ocrx_word' id='word_1_295' title='bbox 800 3611 835 3674; x_wconf 90' lang='lat' dir='ltr'><strong>in</strong></span> <span class='ocrx_word' id='word_1_296' title='bbox 855 3628 922 3696; x_wconf 89' lang='lat' dir='ltr'><strong>qua</strong></span> <span class='ocrx_word' id='word_1_297' title='bbox 942 3610 1069 3677; x_wconf 86' lang='lat' dir='ltr'><strong>minime</strong></span> <span class='ocrx_word' id='word_1_298' title='bbox 1090 3611 1193 3676; x_wconf 84' lang='lat' dir='ltr'><strong>solam</strong></span> <span class='ocrx_word' id='word_1_299' title='bbox 1240 3667 1245 3677; x_wconf 86' lang='lat'><strong>.</strong></span> <span class='ocrx_word' id='word_1_300' title='bbox 1276 3648 1279 3653; x_wconf 93' lang='lat'>-</span> 
     </span>
     <span class='ocr_line' id='line_1_36' title="bbox 103 3709 1192 3799; baseline -0.006 -19"><span class='ocrx_word' id='word_1_301' title='bbox 103 3712 358 3780; x_wconf 82' lang='lat' dir='ltr'><strong>delineationem</strong></span> <span class='ocrx_word' id='word_1_302' title='bbox 390 3713 560 3799; x_wconf 86' lang='lat' dir='ltr'><strong>reperies,</strong></span> <span class='ocrx_word' id='word_1_303' title='bbox 582 3787 584 3793; x_wconf 14' lang='lat'><strong>¹</strong></span> <span class='ocrx_word' id='word_1_304' title='bbox 603 3712 710 3778; x_wconf 91' lang='lat' dir='ltr'><strong>miuus</strong></span> <span class='ocrx_word' id='word_1_305' title='bbox 742 3709 875 3778; x_wconf 88' lang='lat' dir='ltr'><strong>videtur</strong></span> <span class='ocrx_word' id='word_1_306' title='bbox 902 3710 1071 3796; x_wconf 85' lang='lat' dir='ltr'><strong>probabile</strong></span> <span class='ocrx_word' id='word_1_307' title='bbox 1103 3722 1192 3776; x_wconf 86' lang='lat' dir='ltr'><strong>esse.</strong></span> 
     </span>
     <span class='ocr_line' id='line_1_37' title="bbox 103 3808 1194 3897; baseline -0.003 -18"><span class='ocrx_word' id='word_1_308' title='bbox 103 3814 182 3879; x_wconf 86' lang='lat' dir='ltr'><strong>Non</strong></span> <span class='ocrx_word' id='word_1_309' title='bbox 203 3815 309 3897; x_wconf 86' lang='lat' dir='ltr'><strong>magis</strong></span> <span class='ocrx_word' id='word_1_310' title='bbox 331 3819 438 3879; x_wconf 88' lang='lat' dir='ltr'><strong>autem</strong></span> <span class='ocrx_word' id='word_1_311' title='bbox 459 3813 637 3881; x_wconf 84' lang='lat' dir='ltr'><strong>essentiam</strong></span> <span class='ocrx_word' id='word_1_312' title='bbox 659 3811 865 3890; x_wconf 77' lang='lat' dir='ltr'><strong>ltleziriaoo,</strong></span> <span class='ocrx_word' id='word_1_313' title='bbox 906 3810 960 3876; x_wconf 89' lang='lat' dir='ltr'><strong>cui</strong></span> <span class='ocrx_word' id='word_1_314' title='bbox 985 3808 1114 3875; x_wconf 88' lang='lat' dir='ltr'><strong>omnino</strong></span> <span class='ocrx_word' id='word_1_315' title='bbox 1141 3810 1194 3876; x_wconf 87' lang='lat' dir='ltr'><strong>bic</strong></span> 
     </span>
     <span class='ocr_line' id='line_1_38' title="bbox 103 3909 1195 3998; baseline -0.005 -19"><span class='ocrx_word' id='word_1_316' title='bbox 103 3912 188 3979; x_wconf 89' lang='lat' dir='ltr'><strong>liber</strong></span> <span class='ocrx_word' id='word_1_317' title='bbox 209 3932 273 3979; x_wconf 90' lang='lat' dir='ltr'><strong>non</strong></span> <span class='ocrx_word' id='word_1_318' title='bbox 295 3913 463 3979; x_wconf 83' lang='lat' dir='ltr'><strong>l’lntarcbi</strong></span> <span class='ocrx_word' id='word_1_319' title='bbox 485 3920 564 3980; x_wconf 85' lang='lat' dir='ltr'><strong>esse</strong></span> <span class='ocrx_word' id='word_1_320' title='bbox 584 3913 716 3980; x_wconf 88' lang='lat' dir='ltr'><strong>videtur</strong></span> <span class='ocrx_word' id='word_1_321' title='bbox 737 3909 983 3995; x_wconf 87' lang='lat' dir='ltr'><strong>et.Xylaudro‚</strong></span> <span class='ocrx_word' id='word_1_322' title='bbox 1004 3910 1060 3996; x_wconf 76' lang='lat' dir='ltr'><strong>qui</strong></span> <span class='ocrx_word' id='word_1_323' title='bbox 1080 3909 1195 3998; x_wconf 53' lang='lat' dir='ltr'><strong>suspie-</strong></span> 
     </span>
     <span class='ocr_line' id='line_1_39' title="bbox 102 4007 1196 4102; baseline 0 -21"><span class='ocrx_word' id='word_1_324' title='bbox 102 4018 213 4093; x_wconf 79' lang='lat' dir='ltr'><strong>catur,</strong></span> <span class='ocrx_word' id='word_1_325' title='bbox 256 4031 336 4081; x_wconf 89' lang='lat' dir='ltr'><strong>esse</strong></span> <span class='ocrx_word' id='word_1_326' title='bbox 357 4014 465 4102; x_wconf 87' lang='lat' dir='ltr'><strong>potios</strong></span> <span class='ocrx_word' id='word_1_327' title='bbox 486 4009 726 4099; x_wconf 74' lang='grc' dir='ltr'><strong><em>προγύμνασμα</em></strong></span> <span class='ocrx_word' id='word_1_328' title='bbox 743 4010 881 4094; x_wconf 83' lang='lat' dir='ltr'><strong>alicujus</strong></span> <span class='ocrx_word' id='word_1_329' title='bbox 902 4007 1022 4078; x_wconf 89' lang='lat' dir='ltr'><strong>eruditi</strong></span> <span class='ocrx_word' id='word_1_330' title='bbox 1049 4007 1196 4092; x_wconf 88' lang='lat' dir='ltr'><strong>bominis,</strong></span> 
     </span>
    </p>
   </div>
   <div class='ocr_carea' id='block_1_3' title="bbox 0 0 1294 4514">
    <p class='ocr_par' dir='ltr' id='par_1_4' title="bbox 0 0 1294 4514">
     <span class='ocr_line' id='line_1_40' title="bbox 0 0 1294 4514; baseline 0 0"><span class='ocrx_word' id='word_1_331' title='bbox 0 0 1294 4514; x_wconf 95' lang='lat' dir='ltr'><strong> </strong></span> 
     </span>
    </p>
   </div>
  </div>
 </body>
</html>
