2564 4508
482 156 756 221 *355-

72 321 184 391 verbis
213 321 441 387 Psammonis:
484 318 599 398 πάντες
628 321 802 410 ἄνθρωποι
834 321 1063 408 βασιλεύονται
1097 321 1160 394 ὑπὸ

72 424 159 489 θεοῦ
179 422 292 489 hiatus
314 441 378 487 nnn
400 421 553 509 attendit,
595 422 654 489 sed
675 443 734 509 prn
756 424 929 508 ἅνθρωποι
950 442 970 488 e
992 425 1061 490 cad.
1082 425 1160 492 Par.

72 529 105 589 οἱ
122 523 303 610 ὤνθρωποι
324 528 377 588 est
398 520 626 607 recipiendum,
648 523 730 608 quud
751 523 849 589 etiam
862 520 1061 590 Scbaelerus
1082 546 1162 613 pro-

72 625 174 692 bavit.
221 619 259 689 C.
280 622 436 695 xxxrll.
459 619 549 686 684.
570 622 601 687 d.
625 624 656 687 in
678 624 807 689 verbisr
833 621 866 689 Ὁ
887 626 921 690 δὲ
940 623 1054 706 μάντις
1072 622 1163 713 Ἀρί-

72 727 232 811 στανδρος
251 724 392 800 χλανίδα
413 719 528 798 λευκὴν
548 724 632 798 ἔχειν
652 725 708 787 καὶ
728 725 871 808 χρυσοῦν
897 731 1061 810 στέφανον
1087 732 1163 792 ἐπε-

72 826 221 889 δείκνυτο
243 820 446 909 παριππεύων
467 818 562 886 dada
582 817 658 907 ὑπὲρ
679 825 822 908 κεφαλῆς
840 822 1052 912 Ἀλεξάνδρου
1072 850 1164 892 συνε·

72 921 317 1006 παιοιροὺμενον
337 925 393 987 καὶ
415 919 667 987 κατευθύνοντα
688 924 729 1006 τῇ
749 919 861 1001 πτήσει
883 921 1004 1009 ὄρθιον
1024 928 1075 992 ἐπὶ
1088 924 1165 1005 τοὺς

72 1026 248 1105 πολεμιους
271 1021 394 1088 Coraes
416 1023 558 1088 ultimam
580 1025 739 1108 syllabam
762 1026 854 1091 verbi
866 1014 1064 1091 ἐπεδειιινυτο
1075 1033 1165 1093 aste-

72 1126 172 1191 riscis
195 1124 326 1189 inclusit
347 1130 382 1188 ut
404 1124 601 1210 delendam,
645 1123 704 1190 sed
735 1124 834 1190 medii
863 1146 953 1191 nsum
981 1127 1066 1191 satis
1094 1128 1165 1193 tuiti

72 1231 152 1291 sunt
173 1224 281 1289 Bell.
304 1229 339 1289 et
361 1223 458 1288 Held.
503 1224 577 1289 Vid.
601 1223 734 1291 Sebael.
755 1225 797 1289 ad
811 1226 842 1289 b.
857 1226 879 1290 Ι.
923 1225 1083 1312 Equidem
1102 1247 1164 1313 pn-

74 1326 143 1391 tius
163 1326 198 1391 in
219 1325 331 1389 dative
352 1348 392 1407 τῃ
414 1321 524 1401 πτήσει
549 1326 696 1413 offendo,
737 1326 938 1411 conjicinque
966 1325 1024 1404 τὴν
1052 1329 1166 1412 πτῆσιν

74 1445 156 1493 esse
178 1424 368 1510 legendum,
410 1443 479 1488 cum
502 1431 633 1510 praeter
654 1427 862 1511 septuaginta
883 1430 1081 1512 interpretes
1103 1447 1166 1495 ne-

76 1526 179 1591 sciam
201 1524 274 1610 quis
295 1523 428 1589 verbum
450 1521 664 1589 κατευθύνειν
685 1544 756 1590 cum
778 1524 891 1592 dativo
904 1528 1072 1593 struxerit.
1093 1528 1167 1594 Xe-
1221 1574 1229 1603 .-

77 1624 209 1710 nnpbcn
239 1632 329 1691 certe
357 1624 399 1691 de
421 1626 538 1691 venat.
561 1626 605 1711 tr,
628 1624 689 1691 32.
716 1627 836 1693 struxit
864 1646 934 1694 num
962 1629 1166 1695 accusativa.

79 1723 118 1791 0.
140 1723 296 1789 ΧΧΧΙΧ.
320 1723 409 1792 688.
432 1728 464 1791 b.
486 1727 520 1790 in
542 1727 670 1792 verbisr
714 1728 920 1814 anpsrrbwr
948 1731 1006 1810 μὲν
1029 1717 1087 1794 οὖν
1107 1725 1166 1794 τὸν

72 1821 228 1913 ,Βαγώου
249 1826 364 1890 ἔδωκεν
386 1824 478 1890 οἶκον
500 1823 558 1890 τὸν
578 1829 648 1911 περὶ
661 1827 793 1907 Σοῦσα,
814 1834 849 1893 ἐν
870 1819 907 1913 ᾧ
917 1831 1042 1911 λέγεται
1051 1830 1182 1906 χιλίων

81 1922 248 1990 ταλάντων
285 1925 459 2009 εὑρεθῆναι
496 1929 670 2009 ίματισμόν
706 1925 831 1994 Cernes
867 1927 927 1994 τὸν
963 1947 982 1993 e
1018 1929 1168 2015 conject,

83 2025 203 2089 Σοῦσα
231 2030 353 2090 auctor.
386 2026 517 2092 Vulcnb.
545 2029 700 2096 scribens⁴
725 2029 827 2094 verba
853 2025 910 2093 τὸν
946 2030 1014 2114 περὶ
1043 2028 1167 2092 Σοῦσα

84 2126 302 2210 transposuit,
336 2145 418 2210 quae
436 2128 537 2210 „vulga
560 2135 635 2214 pust
656 2132 781 2211 λέγεται
810 2129 965 2213 leguntur.
1006 2127 1166 2194 Reiskius

83 2244 121 2293 ea
147 2225 242 2290 uncis
271 2224 410 2290 inclusit.
463 2224 594 2292 Cruser.
625 2231 748 2294 vertite
779 2227 827 2293 ad
855 2229 1003 2293 nultum
1030 2226 1168 2313 perti-

83 2325 275 2402 nentium,
319 2327 411 2410 qnasi
442 2326 581 2411 legisset
606 2330 671 2392 rain
700 2328 866 2414 περισσῶν.
897 2326 1019 2412 llryan.
1049 2327 1166 2412 prebat

82 2426 143 2490 τῶν
158 2423 372 2511 περὶΣοῡσα.
397 2423 528 2492 Guarin.
547 2426 666 2492 babetr
688 2427 726 2492 in
749 2445 828 2512 qno
850 2445 921 2492 rex
942 2427 1166 2512 susinum,

83 2525 245 2610 interpres
275 2524 428 2609 Anglusr
472 2527 654 2593 Susiana
690 2526 860 2592 talenta
923 2527 970 2592 At
1003 2527 1063 2592 vix
1091 2531 1168 2611 pnt-

83 2626 144 2693 erit
165 2624 382 2690 demonstrari
403 2627 485 2692 baec
507 2628 540 2691 in
562 2626 690 2714 verbis,
731 2626 846 2712 qualia,
861 2627 895 2691 in
917 2625 1081 2692 codicibus
1101 2620 1166 2691 ex‘-

83 2725 266 2802 bibeantur,
290 2727 414 2792 inesse.
459 2727 533 2793 Nou
554 2728 639 2793 male
661 2727 759 2810 igitur
781 2726 906 2792 Comes
926 2726 1031 2794 verba
1052 2733 1166 2793 trans·

86 2808 523 2912 nunnamenster,
553 2829 586 2892 n
608 2827 720 2913 rarior,
750 2827 791 2891 ns
819 2826 926 2912 porrus
960 2828 1062 2892 locum
1093 2833 1171 2913 pun

83 2922 229 3008 Βαγώου
249 2927 392 2992 tribuere
414 2934 448 2993 et
469 2927 500 2991 id
524 2927 663 3012 quindiu
692 2927 782 2992 libris
813 2932 865 2992 est
889 2927 954 2991 τῶν
980 2930 1050 3013 περὶ
1071 2924 1169 2993 Σού-

82 3049 147 3090 σων
169 3026 332 3104 retinere,
375 3033 410 3092 nt
430 3029 595 3092 sententia
616 3028 676 3090 sitr
706 3026 872 3108 Bagoae
901 3025 1053 3091 dnmum
1081 3046 1168 3093 eam

84 3127 118 3192 ei
141 3124 275 3214 dedit,
311 3146 415 3212 quae
436 3135 525 3194 erat
546 3128 664 3193 inter
685 3124 891 3192 aedilicia
912 3128 1028 3193 cirea
1049 3125 1167 3195 Susa

82 3227 167 3311 Περὶ
188 3227 273 3291 enim
295 3246 365 3292 cum
386 3229 531 3312 genitivu
552 3227 714 3294 interdum
736 3225 853 3292 eadem
874 3227 1001 3294 ratione
1031 3247 1172 3314 usurpa·

82 3328 175 3412 pari,
198 3345 261 3411 qua
282 3324 368 3412 ἀμφὶ
390 3328 501 3393 disces
523 3347 565 3394 ex
587 3327 710 3394 lllattb..
729 3325 796 3393 Gr..
811 3348 860 3413 gr.
882 3325 1024 3416 5589.
1072 3329 1170 3395 Veri-

83 3426 274 3492 simillimum
297 3435 403 3493 nutem
424 3434 499 3516 est,
540 3433 606 3493 tam
628 3433 794 3514 potentem
815 3430 1019 3507 eunuchum,
1063 3431 1170 3516 qualis

84 3526 219 3611 Bagoas
233 3527 301 3608 luit,
325 3528 433 3612 plures
447 3527 603 3611 ejusmodi
625 3528 738 3593 domus
759 3531 858 3596 etiam
878 3531 910 3595 in
937 3530 1011 3596 aliis
1033 3529 1174 3617 urbibus,

83 3629 117 3694 in
134 3629 251 3714 quibus
264 3646 324 3692 rex
338 3630 465 3695 versari
479 3629 613 3708 soleret,
637 3629 834 3713 possedisse.
861 3629 898 3694 ln
911 3631 953 3695 iis
966 3634 1074 3694 antem
1087 3646 1171 3714 quae

84 3737 287 3814 sequuntur,
319 3748 376 3813 pro
403 3726 577 3815 ἱματισμὸν
606 3729 755 3814 suspicor
781 3728 988 3795 Plutarchum
1016 3730 1173 3808 λημματι-

81 3826 168 3909 σμὸν
188 3827 383 3917 scripsisse,
405 3835 439 3893 ut
460 3830 599 3913 scriptur
620 3835 788 3914 quaestum
810 3828 959 3910 adderet,
982 3844 1075 3913 quem
1090 3826 1170 3890 l'ar·¹

80 3929 211 3995 meniou
233 3927 311 3994 inde
333 3929 468 4015 ceperit.
511 3929 598 3995 Nam
617 3930 845 3995 vestimentum
866 3929 954 3995 mille
977 3925 1173 3992 talentorum

80 4046 168 4095 sanc
197 4028 347 4115 offendit,
375 4028 503 4097 etiamsi
529 4029 798 4115 pretiosissimum
827 4029 929 4095 subse
951 4029 1089 4092 statuas.
1134 4025 1174 4093 C.
