2580 4514
569 185 611 205 ..-
673 154 729 261 .136
804 191 847 203 .-

163 324 269 392 codrot
281 317 343 389 ὑπὸ
354 312 419 389 τάν
430 318 557 409 ἀνδρῶν
569 326 696 387 ἐκείνων
710 317 880 404 λεγόμενα·
893 321 950 385 καλ
961 317 1026 385 οὔτ’
1038 317 1253 405 Ἀριστοτέλει

163 427 324 508 πείθομαι
335 426 498 509 ῥυπαίνειν
515 419 573 486 τὸν
585 420 690 504 ἄνδρα
698 423 894 505 βουλομένῳ,
920 420 984 487 οὔτ’
1009 416 1153 507 Ἀφαρεῖ
1173 421 1253 488 tori-
1286 506 1288 515 Ι

165 551 225 592 του
242 525 273 610 γ’
287 527 381 591 ἕνεκα
403 521 502 606 λόγον
519 519 654 606 εὐπρεπῆ
670 524 878 604 πλαττομένῳ
898 523 1114 604 συντίθημαι·
1138 520 1253 590 ἱκανὸν

164 629 199 693 dl
218 623 418 709 ἡγησάμενος
437 623 520 689 εἶναι
540 625 598 702 τῆς
618 621 779 701 ἀληθείας
800 620 978 708 βεβαιωτὴν
996 620 1053 687 τὸν
1068 619 1253 703 Ἀθηναῖον
1268 648 1275 671 ¹

163 725 418 815 Κηφισόδωρον,
441 724 545 800 ὅςκαὶ
560 725 750 808 συνεβιονσεν
766 721 944 809 Ισοκράτει,
962 727 1018 788 καὶ
1030 724 1252 805 γνησιώτατος
1286 776 1288 789 .

87 838 92 845 “
164 825 326 907 ἀκουστὴς
346 833 485 909 ἐγένετο,
508 827 565 890 καὶ
585 822 643 903 τὴν
664 822 845 906 άπολογίαν
866 823 924 902 τὴν
944 818 1030 889 πάνυ
1049 824 1251 907 θαυμαστὴν
1286 818 1288 825 ’

164 935 199 994 ἐν
218 938 292 1003 ταῖς
312 925 391 1012 πρὸς
408 924 613 1010 Ἀριστοτέλη
640 921 858 1009 ἀπογραφαῖς
879 921 1069 1002 ἐποιήσατο,
1101 924 1248 1003 πιστεύω,

164 1025 360 1114 γεγράφθαι
381 1023 498 1108 λόγους
518 1021 609 1099 τινάς
630 1020 691 1088 ὑπὸ
712 1025 772 1088 τοῦ
792 1022 910 1112 άνὸρὸς
930 1032 975 1102 εἰς
988 1024 1192 1111 δικαστήρια,
1208 1022 1248 1091 ori

165 1135 274 1212 μέντοι
295 1123 444 1202 πολλοὺς.
468 1162 508 1173 -
530 1126 571 1191 si
598 1123 718 1190 deinde
746 1127 927 1190 orationum
955 1133 1101 1192 naturam
1131 1132 1174 1195 ef
1196 1127 1248 1195 di·

167 1228 264 1295 cendi
284 1247 390 1312 genus
418 1226 635 1314 consideras,
678 1226 847 1311 intelliges
873 1246 980 1313 neque
1007 1228 1246 1314 'l'rapeniticom

165 1347 271 1415 neque
292 1348 338 1411 nr.
359 1330 393 1393 iu
408 1326 593 1413 Enthynum
613 1328 686 1392 usui
707 1327 768 1392 lori
783 1327 866 1392 satis
882 1329 1069 1393 convenire.
1110 1328 1246 1396 1me-

165 1430 306 1516 peaitico
328 1429 413 1496 enim
435 1428 549 1496 eodem
573 1428 731 1509 Dionysio
753 1434 859 1515 teste,
886 1430 940 1514 qui
962 1436 1070 1494 tomen
1093 1448 1161 1495 non
1187 1429 1245 1497 dn·

166 1532 266 1616 bitae,
309 1533 384 1616 quin
405 1530 572 1596 Isocrates
594 1529 655 1594 has
675 1529 839 1594 orationes
861 1549 924 1594 non
941 1529 1049 1594 solum
1070 1531 1146 1616 ipsc
1167 1531 1246 1596 scri-

165 1632 269 1719 pserit
290 1630 351 1696 sed
374 1632 471 1696 etiam
493 1648 571 1695 vero
590 1628 650 1693 lori
667 1629 754 1693 osui:
775 1634 821 1704 εἰς
835 1626 1037 1718 δικαστήρια,
1058 1631 1143 1716 quod
1160 1632 1246 1718 equi·

167 1731 240 1797 dem
261 1731 370 1818 potius
391 1729 434 1796 de
454 1747 578 1814 genere
599 1730 777 1795 orationum
798 1730 926 1794 omnino
948 1730 1192 1799 intellexerim:
1229 1729 1247 1810 ἡ

58 1906 61 1913 ,
164 1832 314 1915 περίοδος
335 1827 544 1912 ἐκμηκύνεται
565 1833 621 1895 καὶ
642 1827 724 1914 περά
744 1831 804 1894 τοῦ
825 1831 992 1894 δικανικοῦ
1012 1828 1136 1917 τρόπου
1155 1829 1246 1911 καὶὴ

167 1930 324 2007 σύνθεσις
344 1933 411 2009 ἔχει
431 1954 463 1995 τι
484 1932 543 1995 τοῦ
564 1931 751 2019 ποιητικοῦ,
781 1931 855 1996 τότε
876 1933 987 2015 σχῆμα
1007 1933 1064 2010 τῆς
1077 1930 1197 2011 ,λέξεως
1214 1938 1247 1998 ἐκ

90 2110 93 2115 Ι
166 2034 231 2097 τῶν
252 2032 467 2096 ἐπιδεικτικῶν
487 2034 631 2110 εὶληπται
652 2028 859 2119 παρισώσεων
871 2035 928 2098 καὶ
943 2031 1248 2118 παρομοιώσεων.-

168 2130 252 2214 Quin
274 2150 317 2197 ea
330 2131 403 2218 ipsa
417 2132 588 2218 scriptoris
598 2131 707 2198 indole
720 2133 849 2200 minime
862 2134 972 2198 litibus
985 2140 1019 2199 et
1033 2136 1250 2229 contentioni·

166 2233 228 2301 bus
242 2232 424 2299 forensibus
438 2240 516 2318 apta
533 2238 583 2314 (v.
596 2235 698 2300 vitam
713 2234 813 2299 lsocr.
828 2253 912 2300 ame
925 2235 1035 2320 script.
1048 2240 1082 2300 ot
1094 2234 1247 2303 Wester-

167 2353 275 2401 mann.
303 2333 392 2399 diist.
414 2330 530 2420 Eloqu.
557 2355 608 2420 gr.
634 2356 664 2422 ρ.
687 2332 766 2414 78.)
793 2334 878 2400 idem
907 2336 1030 2421 poteris
1058 2337 1250 2405 concludere
1286 2406 1288 2411 ,

168 2435 255 2523 quod
276 2454 320 2501 ex
341 2433 552 2522 orationibus,
573 2436 632 2500 has
654 2437 821 2502 orationes
844 2436 890 2500 uti
905 2436 953 2501 *de
974 2437 1069 2522 Bigis
1090 2442 1126 2503 et
1150 2438 1251 2523 Aegi-

166 2537 307 2605 neticum
328 2533 495 2620 discipulis
516 2537 549 2602 in
570 2536 758 2624 eloquentia
778 2535 986 2602 instituendis
1008 2554 1086 2603 esse
1102 2541 1250 2626 scriptas

168 2636 240 2707 seu
261 2637 440 2703 Isocratem
468 2637 753 2704 contenderimus
778 2637 926 2724 potuisse
954 2628 1081 2722 quidem
1106 2640 1142 2704 in
1165 2642 1251 2724 elna,-

168 2738 256 2805 modi
277 2738 424 2804 oratione
445 2737 492 2801 uti
515 2737 726 2824 Tropcuitioa
752 2744 789 2806 ct
816 2739 851 2804 irr
873 2735 1061 2824 Euthynum
1082 2736 1252 2825 scribenda

168 2845 237 2905 tam
263 2837 378 2903 foedos
406 2837 515 2902 hiatus
534 2839 743 2920 admittere,
787 2843 908 2926 quippe
942 2839 997 2925 qui
1024 2842 1252 2908 consuevisset

138 2990 140 2995 .
168 2940 203 3004 in
223 2936 297 3003 aliis
317 2936 516 3002 orationibus
537 2946 572 3004 et
591 2939 674 3005 adeo
693 2941 726 3005 in
747 2941 896 3027 epistolis
920 2960 980 3006 ens
1002 2941 1125 3025 fugere.
1174 2941 1252 3009 lodo
1278 3016 1282 3027 Ι

169 3037 413 3124 Trapeziticum
438 3043 473 3102 et
501 3040 623 3105 certios
657 3041 756 3106 etiam
790 3042 968 3106 orationem
995 3041 1028 3106 in
1056 3039 1252 3127 Euthyn‘um,

169 3141 233 3228 qua
256 3137 383 3224 quidem
404 3138 437 3204 in
459 3140 607 3205 oratione
629 3142 727 3207 etism
755 3146 825 3205 toto
851 3141 997 3207 brevium
1022 3145 1251 3211 sententiarum

170 3239 377 3307 conformatio
398 3257 463 3304 non
485 3240 655 3308 Isocraten
677 3248 730 3306 est
752 3237 875 3323 (νόημα
895 3239 960 3326 γάρ
981 3249 1018 3307 ὲκ
1037 3241 1203 3326 νοήματος
1212 3248 1252 3320 εἷς
1269 3270 1272 3279 ·

170 3337 336 3428 περιόδους
357 3337 529 3417 ἰσοκώλους
550 3342 683 3423 τελευτᾷ
694 3388 703 3421 ,
740 3360 823 3427 quae
844 3341 947 3408 verba
968 3351 1044 3410 sunt
1065 3344 1252 3413 Philostrati

169 3445 204 3510 in
225 3442 293 3507 vit.
319 3441 421 3527 soph.
442 3440 478 3528 Ι,
499 3439 590 3506 503.
617 3441 703 3508 hanc
732 3441 909 3509 orationem
936 3445 1035 3511 valde
1061 3446 1251 3531 laudantis)

170 3564 236 3612 non
252 3544 293 3610 ab
306 3542 454 3608 Isocrate
476 3544 618 3629 scriptos
639 3562 717 3609 esse
738 3542 885 3609 arbitror.
929 3545 1002 3611 Huc
1016 3545 1156 3625 accedit,
1173 3546 1253 3635 qood

171 3644 374 3713 Aristoteles
396 3641 524 3729 quidem
545 3645 678 3711 Rhetnr.
700 3644 751 3725 11,
776 3641 836 3708 19.
865 3648 1043 3712 orationem
1071 3649 1105 3713 in
1127 3646 1254 3737 [indry-

170 3766 246 3813 num
268 3749 380 3825 affert,
419 3743 480 3810 sed
502 3748 605 3812 verba
633 3742 830 3828 (Ἰσοκράτης
850 3750 913 3834 ἔφη
934 3745 1163 3836 δεινὸν-εἶναι,
1190 3745 1254 3815 cti

171 3848 230 3930 μὲν
251 3843 409 3921 Εὔθυνος
428 3847 572 3936 ἔμαθεν,
599 3844 697 3924 αὐτὸς
723 3849 757 3912 δὲ
785 3845 828 3930 μὴ
857 3845 1026 3926 δυνήσεται
1047 3845 1184 3941 εὑρεῖν),
1224 3851 1254 3917 in
1285 3898 1288 3935 :

173 3947 336 4024 oratione,
359 3946 487 4034 qualem
507 3947 604 4014 hodie
625 3948 795 4031 habemus,
816 3968 880 4014 non
905 3951 1119 4035 reperiuntur.
1286 3950 1288 4027 ἶ

255 4047 296 4115 ln
317 4045 531 4136 Epistolis
551 4067 670 4137 magna
691 4067 763 4116 cum
784 4047 953 4136 diligentia
967 4050 1087 4120 hiatum
1102 4052 1257 4122 evitatum
