2564 4508
291 104 673 205 ’-ωο-

72 324 116 372 re.
152 303 221 372 Ὁτι
242 311 350 371 tomen
373 307 457 372 idern
480 309 531 372 vir
554 309 670 373 doctus
699 326 770 373 cum
797 307 969 395 Steplsnu
1000 315 1077 395 post

72 429 90 470 ν
118 405 271 472 collocuti
297 407 378 472 vult.
424 408 470 471 At
492 409 536 472 nil
558 415 613 474 est
633 407 817 475 mutandum
845 417 944 494 utque
971 410 1076 474 inter·

72 525 99 571 rs
120 526 186 572 non
207 506 440 572 intellexerunt
461 509 631 593 scriptoris
653 510 850 575 sententium
860 556 872 594 ,
896 526 985 594 ,quoe
1007 513 1077 573 est:

72 625 181 672 menes
203 608 350 673 voluerat
372 626 527 693 pugnare,
551 607 612 673 sed
627 609 750 673 drutus
771 611 842 693 ejus
856 608 1078 693 sdversarius,

72 707 160 771 nnlto
181 708 322 789 majores
345 707 472 772 inerunt
496 710 626 793 copiae,
672 711 851 775 exercitum
873 709 1077 774 Achaeorum

72 808 96 872 :i
113 811 273 891 jusserat.
318 808 521 887 „Frustra
542 810 717 896 igitur‚“
748 811 851 896 inquit
872 797 1080 895 Cleomenes,

72 908 326 974 cedsemonii
348 909 396 973 de
417 909 616 974 hostibus
638 917 841 996 quaerunt
862 928 939 976 nun
960 914 1075 995 quot,

80 1008 149 1072 ubi
171 1010 286 1074 sint.“
328 1011 415 1074 Num
440 1011 537 1074 etiam
560 1012 589 1074 si
612 1010 708 1074 multo
730 1012 901 1096 pauciores
922 1029 993 1075 cum
1016 1010 1079 1074 lro·

72 1128 92 1171 s
124 1127 268 1195 pugnare
297 1109 465 1194 volumus,
495 1109 542 1173 illi
570 1110 684 1175 nolunt
716 1118 751 1176 et
778 1111 944 1177 recedunt.
987 1108 1077 1175 Sen-

72 1227 89 1273 1
126 1210 200 1294 ipsu
235 1212 368 1273 effertur
409 1210 507 1274 etium
542 1215 576 1274 et
605 1211 705 1294 Agidi
740 1213 892 1276 tribuitur
918 1212 953 1275 in
983 1211 1078 1296 Apo-

72 1327 153 1393 egm.
170 1311 292 1373 Lacon.
306 1310 445 1393 aliisque
456 1311 547 1386 lucis,
568 1329 651 1395 qrrus
671 1310 1078 1377 commemoravit'Sclroe·

72 1429 123 1473 rns
148 1407 191 1473 ud
224 1410 253 1472 ir.
276 1409 317 1491 1.,
361 1429 403 1473 ex
426 1411 542 1494 quibus
564 1411 625 1476 hoc
646 1419 737 1476 certe
759 1411 940 1477 confirmari
967 1415 1079 1495 potest

72 1506 146 1586 lunc,
170 1528 234 1572 non
256 1506 370 1572 dudunt
392 1528 470 1574 esse
494 1510 676 1591 legendum.
720 1511 840 1576 Hiatus
859 1512 892 1574 in
913 1509 1009 1575 πόσοι
1030 1514 1078 1574 οἱ·

72 1617 95 1674 :t
115 1612 179 1674 που
200 1615 297 1686 τίσιν,
342 1614 413 1673 cum
435 1611 502 1674 sint
524 1610 642 1693 Agidis
670 1610 771 1676 verbs
783 1658 794 1698 ‚
836 1630 901 1677 non
934 1609 1077 1677 offendit.

74 1733 162 1784 τινος
183 1707 302 1783 αὐτοὺς
323 1715 431 1773 aulem
453 1710 486 1773 in
508 1707 602 1773 codd.
625 1710 664 1777 B.
687 1707 725 1775 C.
748 1714 803 1776 est
829 1709 948 1786 αὐτοὺς
978 1710 1076 1789 τινός·

72 1810 103 1874 K.
126 1807 219 1873 808.
243 1808 273 1873 d.
295 1811 420 1874 verbe:
464 1809 519 1873 ἵνα
539 1805 583 1888 μὴ
602 1813 740 1886 χαλεποί
761 1801 841 1877 ὦσιν
863 1808 977 1888 αότοῖι,Ι
1000 1818 1079 1878 sunt

72 1911 199 1995 tutelis,
230 1912 275 1975 uti
298 1912 330 1975 ln
352 1930 381 1976 c.
403 1910 446 1974 X.
470 1907 561 1976 809.
576 1911 613 1996 1).
633 1913 666 1977 in
688 1910 918 1977 ἀποκτιννύναι
939 1911 1079 2000 ἀκρίτως

72 2010 222 2095 offendo,
249 2011 397 2096 quonium
419 2017 472 2074 est
493 2011 639 2077 solennis
661 2012 791 2078 dicendi
813 2014 913 2093 rutiu,
944 2013 987 2079 de
1014 2030 1078 2099 que

72 2132 85 2174 1
107 2131 202 2196 quum
223 2111 267 2175 dc
289 2112 374 2175 trintn
396 2112 429 2176 in
442 2112 709 2178 Demosthenicis
731 2113 982 2197 disputaremus,
1005 2132 1076 2178 ser-

72 2213 129 2276 uit.
173 2208 211 2275 C.
233 2211 308 2276 Xll.
332 2209 424 2275 810.
447 2230 476 2276 n.
498 2219 606 2277 nutem
628 2231 686 2295 pro
708 2214 772 2276 duel
794 2211 899 2288 ἄλλως
920 2237 977 2295 γε,
1006 2215 1077 2279 lor·
1110 2270 1117 2281 ,

72 2310 186 2399 rturly'
209 2310 314 2388 ἄλλως
328 2320 381 2378 est
397 2312 613 2377 scribendum.
638 2310 673 2375 C.
689 2312 764 2375 XV.
780 2310 872 2375 811.
888 2330 917 2375 c.
940 2315 974 2375 in
996 2332 1078 2378 ver-

83 2416 177 2489 ίτυχε
197 2409 256 2475 τόν
278 2411 468 2492 Κλεομένην
489 2409 649 2484 συντόνως
670 2406 851 2475 ὁδεύσαντα
872 2414 928 2474 καὶ
948 2409 1077 2497 χρησό-

72 2509 193 2595 ιπαρόι
214 2510 328 2596 καιρόν
350 2516 564 2594 ψυχροποσίαν
585 2510 723 2591 αἵματος
744 2510 874 2586 πλῆθος
895 2506 1078 2590 ἀνενεγκοΐν

72 2608 254 2696 την-φωνὴν
275 2610 490 2688 ἀνακοπῆναι.
512 2629 555 2676 ex
575 2609 704 2674 Vulcob.
725 2605 884 2697 (quocum
897 2626 997 2692 marg.
1013 2610 1077 2674 Pa·

72 2710 111 2775 l).
134 2707 652 2798 111ο11)ψυχροποσίηιρτοοθίῐ.
675 2710 781 2777 libror.
810 2706 991 2794 ὑδροποσία
1018 2726 1078 2773 re-

72 2831 119 2876 rm
139 2818 203 2875 est.
249 2812 295 2874 At
317 2812 377 2876 lroc
405 2817 522 2895 sponte
549 2809 756 2896 intelligitur,
786 2827 857 2872 curn
883 2806 1079 2874 Cleomenes

74 2917 216 2975 mentum
238 2910 315 2975 inde
337 2913 500 2995 cepisset,
521 2910 608 2996 quud
630 2908 800 2975 calefactis
822 2909 1023 2992 pulmonibus
1045 2910 1079 2974 in

72 3031 105 3077 re
133 3030 248 3095 equum
278 3011 424 3095 biberat,
467 3029 538 3074 enm
568 3028 684 3094 squam
711 3027 775 3073 nun
810 3007 947 3073 culidem
981 3005 1079 3099 (quis

74 3131 115 3176 no
139 3111 234 3175 lecile
258 3111 341 3174 trono
363 3104 494 3198 bibiti)
522 3109 581 3175 sed
604 3107 752 3192 frigidum
774 3108 897 3195 tuisse.-
931 3109 1014 3176 vide
1034 3100 1080 3175 it-

93 3212 156 3275 mei
184 3232 284 3296 snpra
312 3231 513 3276 commemor.
547 3231 578 3296 p.
607 3209 669 3274 to.
732 3208 841 3274 Probo
867 3210 966 3293 igitur
993 3213 1078 3298 quod

72 3328 234 3376 lemannus
256 3309 435 3396 ὑδροποσία
456 3309 564 3390 dedit,
595 3328 701 3396 neque
721 3311 826 3377 miuus
847 3310 964 3394 probo,
994 3313 1079 3398 quod

95 3417 171 3496 post
193 3411 224 3473 lr.
245 3430 278 3475 v.
303 3412 515 3494 interpunxit.
560 3409 626 3474 Est
647 3410 732 3475 enin
752 3428 856 3494 punse
876 3416 955 3495 post
978 3408 1077 3496 ὑδρο-

72 3533 107 3592 ηι,
129 3529 192 3595 qun
214 3509 256 3574 de
277 3528 379 3574 censa
401 3510 509 3574 hictus
530 3529 594 3575 non
615 3509 758 3576 suendis
802 3506 840 3575 0.
860 3509 970 3575 lel.
986 3509 1078 3577 818.

72 3657 74 3674 r
96 3610 228 3676 verbisz
250 3600 287 3685 ἧς
307 3598 346 3685 ἦν
368 3606 406 3671 τό
427 3611 576 3673 πλεῖστον
596 3613 778 3695 κατηγορία
795 3606 936 3695 Ἀράτου
958 3630 985 3675 c.
1008 3611 1078 3677 cod.

72 3729 110 3775 no
133 3708 239 3791 Snng.
261 3704 584 3797 (op.Scl10cm.A.)
605 3709 713 3775 scribe
733 3715 810 3794 post
822 3711 973 3774 πλεῖστον
981 3707 1077 3796 Ἀρνί-

72 3814 259 3894 κατηγορίαι.
302 3808 338 3872 C.
361 3812 450 3871 XXI.
473 3805 565 3874 814.
587 3827 616 3874 e.
637 3811 670 3873 in
692 3809 822 3874 verbis:
841 3815 1001 3891 μεγίστων
1020 3813 1079 3891 μίν

71 3914 199 3991 αχίστῳ
208 3904 317 3992 χρόνῳ
330 3904 528 3991 πραγμάτων
541 3904 765 3995 ἐπικρατήσας,
787 3910 845 3972 καί
864 3910 981 3993 μικροῦ
1002 3905 1078 3989 ὅλης

93 4033 127 4074 τι
146 4011 208 4091 μιᾷ
221 4003 358 4095 περιόδῳ
370 4005 622 4084 Πελοποννησον
642 4003 752 4093 κύριος
771 4008 930 4089 γενέσθαι
950 4006 1077 4093 δεήσας,
