2564 4508
433 130 707 199 Qum-

76 304 140 392 σοι,
156 316 265 388 oeque
284 298 456 367 asteriscis
474 301 551 367 istie
570 306 648 368 ante
663 296 699 368 Ὁ
717 302 753 367 bl
772 299 918 387 Περσεύς
937 309 974 369 et
987 290 1117 390 poetro}

76 405 119 488 χῇ
144 394 231 489 opus
249 406 311 469 est.
332 405 414 488 Vll,
441 400 475 466 3.
503 401 553 468 ler
575 405 633 479 ναὶ
657 400 788 481 αὐτοῖς,
813 402 875 469 sed
897 400 933 467 7.
963 410 1117 489 apostro-

76 524 122 571 am
146 502 269 571 adhibe
287 503 322 568 in
343 497 396 567 ὅτε
416 498 434 566 ὁ
455 509 489 568 et
507 499 566 566 δύο
591 499 760 579 ἐνιαυτούς
766 548 775 581 ,
802 503 857 569 ubi
885 502 957 568 cod.
978 502 1063 570 Bav.
1084 502 1115 589 β’

75 600 209 683 αύτούς,
230 601 303 669 coil.
327 602 402 669 Ura.
423 600 449 684 ρ’
472 600 638 678 ἐνιαυτούς
658 605 804 689 praebet.
831 603 890 690 lX,
911 599 947 668 6.
976 605 1010 669 iu
1026 602 1116 687 τριύ·

75 726 127 770 ιτα
148 706 237 769 ἐτῶν.
257 704 294 769 7.
313 702 404 770 ieros
423 701 467 784 μὴ
488 708 582 782 ἔχειν.
608 704 657 785 Χ,
682 702 718 768 ii.
738 710 846 769 autem
864 703 908 769 ad
931 703 1036 770 verba
1058 705 1116 769 mi

75 800 179 871 ιοτύιν
207 804 396 889 Schweigb.
418 805 619 890 'adscripsitz
645 804 779 884 „Abest
806 807 864 869 ιιαὶ
894 802 1023 869 allav.
1050 822 1115 868 uou

75 906 108 973 le
140 911 177 971 et
204 902 347 970 tieletum
377 906 525 970 velimus.
591 903 687 972 Solet
714 904 869 990 Polybius
896 905 961 970 tria
987 890 1115 970 uomina

75 1006 158 1092 »pria
177 1005 302 1091 absque
314 1007 482 1090 -partieula
504 1006 691 1091 copulativa
711 1002 943 1090 conjungere.“
977 1000 1115 1069 tabe

74 1109 248 1172 ῑοπολΐται1
287 1105 329 1171 Οἱ
336 1147 342 1157 ·
355 1126 419 1172 σοι]
447 1107 654 1193 improbable
682 1106 749 1187 XI,
783 1104 814 1170 1.
846 1106 985 1191 denique
1012 1106 1116 1191 prima

74 1209 144 1274 ritis
165 1207 269 1272 verba
291 1213 325 1271 ut
345 1200 531 1294 pierumque
547 1208 640 1273 iuitio
655 1208 837 1291 eclogarum
849 1206 890 1271 ab
903 1224 944 1273 eo
960 1207 1014 1293 qui
1030 1206 1113 1272 baec

74 1309 205 1394 arrosit,
226 1313 396 1374 contracta
409 1317 495 1374 suot.
519 1308 631 1375 Facile
643 1307 742 1393 igitur
755 1308 931 1374 excusabis
955 1306 1026 1371 Τοίι
1041 1304 1113 1371 Ἁν·

74 1433 137 1488 χον
151 1415 186 1475 et
198 1405 414 1493 ἀφικομένου·
438 1407 467 1475 ὁ.
484 1408 557 1476 Sed
574 1405 610 1473 9.
632 1408 666 1472 im
679 1405 738 1484 τὰς
752 1414 818 1473 ἐκεῖ
831 1404 1041 1492 ὑπαρχούσας
1053 1408 1113 1472 ‹lv-

74 1534 134 1587 ιιις
146 1508 297 1595 auspicor
317 1507 526 1593 ὑπαρχούσας
549 1529 612 1575 uon
634 1527 712 1574 esse
729 1508 913 1594 aPolybio,
929 1506 1113 1594 quieceret

73 1610 140 1676 tilia
154 1628 226 1674 cum
239 1609 376 1675 articulo
392 1609 626 1695 adjectivorum
641 1609 714 1674 loco
724 1627 846 1686 ponere
857 1609 981 1697 soleat,
1003 1609 1111 1695 prole-

73 1730 117 1777 rm.
137 1707 353 1794 lullxcerpt.
372 1710 536 1796 Vatlluji
558 1710 591 1775 l.
611 1711 644 1775 iu
663 1710 775 1776 verbis
796 1709 921 1791 μᾶλλον
943 1715 1054 1795 ἑτέρον
1076 1716 1112 1775 αι
1138 1770 1143 1783 ,

73 1806 238 1892 πιόμενος
259 1810 465 1889 scribendum
493 1814 637 1880 fortasse
662 1814 787 1895 ἑτέραν.
814 1808 858 1875 ll.
875 1816 1110 1896 ,argumentum

73 1929 250 1977 umearum
271 1930 378 1977 rerum
399 1916 542 1990 affertur,
566 1931 648 1998 quas
663 1910 818 1996 l'olybius
839 1912 1043 2001 narraverit,
1064 1913 1111 1978 ita

75 2031 143 2079 uou
162 2010 329 2078 offendant
345 2010 502 2098 Χιιμύρῳ
517 2006 595 2104 (eol.
610 2014 706 2080 Rom.
718 2007 913 2102 χιλιάρχῳ),
936 2014 983 2077 ἑνὶ
1005 2029 1111 2097 neque

79 2109 386 2196 τιίχσιύκοινολύχει
401 2132 507 2199 neque
518 2111 715 2203 Ἀντιμάχῳ,
726 2120 859 2202 εἴρηται.
884 2108 1043 2178 Concludi
1054 2129 1111 2177 aa·

72 2234 86 2278 ο
103 2213 166 2279 boc
186 2219 360 2298 praeterea
382 2215 502 2300 poterit
523 2233 566 2280 ex
579 2222 702 2302 εἴρηται
715 2220 804 2281 etex
818 2213 952 2298 saepius
968 2212 1110 2298 repetito

72 2362 80 2380 .
124 2311 199 2379 Seri
218 2313 301 2378 infra
321 2315 354 2378 in
377 2315 505 2381 verbis:
528 2312 602 2378 οὔτε
623 2311 777 2401 πρότερον
799 2311 873 2377 οὔτε
893 2314 939 2394 τῷ
952 2310 1040 2376 κατὰ
1053 2310 1112 2378 τὸν

71 2424 153 2503 cota
173 2415 301 2496 πολέμῳ
322 2411 495 2495 ἀξιόλογον
515 2415 628 2488 αὐτοῖς
648 2409 879 2500 συνηρχηνιύτι,
924 2409 1056 2494 Εὐμένη
1075 2412 1111 2476 δὲ

94 2516 233 2580 Romam
253 2514 370 2581 babet:
392 2514 467 2580 ούτσ
486 2513 574 2579 κατὰ
594 2515 653 2580 τὸν
674 2515 806 2598 Περσέα
826 2508 966 2593 πόλεμον
979 2534 1008 2576 κ.
1028 2536 1057 2576 τ.
1078 2514 1107 2576 λ.

79 2616 181 2702 igitur
192 2617 317 2682 scribe:
339 2615 413 2681 ούιο
427 2613 581 2705 πρότερον
596 2615 670 2681 σύτο
685 2609 773 2678 κατὰ
785 2608 845 2677 τὸν
858 2612 989 2698 Περσέα
1010 2609 1109 2677 πόλι-

71 2741 95 2781 ν
129 2714 181 2794 αξ.
217 2714 288 2783 αὐτ.
324 2715 538 2804 οννηρχηιιότι
567 2720 619 2795 τὶ,
661 2712 747 2797 Ebu.
813 2714 861 2791 lb.
900 2731 960 2800 pro
993 2734 1109 2800 συνηρ-

71 2814 144 2882 rota
172 2821 208 2882 ἔν
233 2840 269 2882 τι
301 2820 573 2900 τοῖς-πολέμοις
598 2817 674 2884 dele
694 2817 729 2880 ἕν
749 2836 784 2879 τι
806 2819 840 2881 et
862 2832 920 2900 pro
942 2818 1105 2896 πολέμοις,

72 2938 112 2983 us
135 2918 208 2983 loco
230 2918 368 3003 exempl.
396 2919 535 2983 Roman.
556 2918 696 2999 πόλεμον
717 2906 865 3002 σπασμοί,
886 2915 996 2982 scribe
1016 2916 1109 2980 uolt·

70 3042 102 3082 ν.
125 3022 181 3084 tlt
205 3038 226 3084 a
249 3019 389 3084 Luohtio
411 3037 431 3084 e
452 3022 639 3103 conjectura
659 3017 780 3083 editum
800 3022 870 3084 eata
913 3017 970 3080 ml
1001 3012 1110 3082 πάντα

70 3116 242 3200 δεχόμενον
259 3116 358 3207 χάριν
378 3119 437 3184 τού
458 3120 518 3182 τού
538 3120 680 3200 πολέμου
700 3113 924 3196 ιἀπολύσσθαι,
960 3132 1032 3181 cum
1056 3114 1109 3182 ed.

70 3238 157 3286 man.
188 3219 366 3287 exhibeat:
408 3220 466 3282 καὶ
491 3216 588 3284 πάλιν
609 3215 832 3300 ἐπιδεχόμενον
851 3213 1031 3309 χύριχιού
1045 3216 1109 3284 νύν

69 3322 161 3399 [auor
189 3316 443 3398 ἀπολύσασθαι,
471 3319 557 3405 quod
585 3324 749 3391 nutrierat
774 3294 969 3385 muiaudtiiilss
1013 3318 1117 3386 Seu-⁹

69 3419 124 3484 otia
139 3418 225 3484 euim
237 3424 307 3485 esta
329 3426 365 3485 et
386 3438 459 3485 eum
480 3419 595 3485 iterum
617 3422 765 3506 recipere
786 3416 860 3486 siv'e
881 3420 918 3484 im
938 3438 977 3486 ae
998 3422 1117 3487 eusci-'-

69 3538 100 3585 re
119 3521 257 3604 gratiam
279 3539 340 3587 seu
360 3539 435 3586 eum
456 3520 597 3586 libenter
616 3536 694 3587 esse
716 3514 930 3607 accepturum>
945 3519 976 3585 si
989 3520 1108 3587 bellum

70 3620 205 3687 solvere
233 3621 253 3685 i.
275 3640 306 3688 e.
326 3620 418 3686 iiuire
445 3625 569 3706 posset
613 3621 794 3686 Nostrumz
820 3619 887 3686 uml
908 3620 988 3687 dass
1010 3640 1047 3687 er
1069 3640 1107 3689 es

69 3721 147 3788 eder
168 3723 221 3788 als
244 3723 317 3789 eine
341 3720 449 3787 Guust
469 3721 616 3788 ansebeu
638 3719 762 3800 werde,
785 3720 849 3787 deu
871 3719 976 3804 Krieg
996 3720 1107 3804 autge-

69 3829 83 3889 t
112 3822 145 3888 d.
169 3822 201 3887 lr.
228 3821 372 3907 geendet
402 3843 445 3886 uu
475 3821 590 3888 babeo.
612 3822 672 3888 lv.
701 3823 829 3906 corrige
844 3819 1003 3903 ’βούλοιτο
1024 3816 1105 3898 ὠνή-

68 3923 161 3988 reos.
186 3923 225 3988 V.
248 3943 307 4010 pro
328 3919 481 4009 παραυτά
504 3919 688 4001 ὑπισχνεῖτο
721 3940 764 3988 ex
792 3922 844 3989 erl.
872 3920 964 3986 Rom
992 3920 1106 4003 'recipe

68 4021 105 4090 roi
126 4020 234 4090 ταῦθ
260 4023 279 4088 i.
303 4042 331 4090 e.
354 4023 438 4109 quod
460 4023 578 4091 attinet
599 4022 641 4089 ad
663 4023 755 4090 baec.
805 4020 886 4088 lbirl.
914 4018 1041 4105 corrige
1071 4021 1105 4084 δὲ
