2564 4508
577 130 849 233 -.agg-

172 298 221 363 bri
242 315 282 363 eo
303 317 323 364 a
345 300 481 382 ceteriS,
503 299 557 385 qui
576 299 721 385 apertius
742 318 807 365 non
828 302 904 365 sunt
924 296 1120 381 Plutarchi,
1152 298 1253 377 dider-

148 415 224 476 -re,
246 397 328 483 qnod
352 400 406 484 qui
427 418 486 464 eos
508 400 655 484 scripsit,
678 398 882 485 Plutarchum
902 398 1010 485 ipsum
1030 406 1088 467 est
1108 402 1249 481 imitatus
1274 431 1276 438 ’

172 496 264 578 erod
288 506 322 562 ut
344 496 491 583 suspicer
512 498 654 565 adducor
676 502 773 566 etiam
795 510 852 581 eo,
895 500 971 587 quia
992 494 1247 589 piammonem
1271 537 1273 542 ·

166 600 281 667 resin
303 602 344 663 iis
365 605 568 680 tractantur,
612 599 653 666 de
676 601 790 686 qiribus
812 600 1008 667 Plutarchus
1031 620 1135 669 verus
1155 620 1244 689 expo-

172 706 301 786 suerat,
343 706 399 766 aut
420 701 494 785 quia
515 700 629 764 similis
651 698 741 766 certe
767 701 857 765 tituli
877 700 952 765 libri
972 696 1167 771 Plutarchei
1189 704 1243 769 cir-
1269 720 1272 748 ³

172 801 438 865 cumtercbantur.
484 800 586 864 Video
609 806 716 866 tamen
738 800 824 882 tore,
847 802 900 887 qui
927 802 1138 869 Plutarchum
1157 800 1243 891 ipsnn'
1275 837 1276 848 ν

171 899 202 964 in
226 902 264 962 iis
287 900 516 985 componendis
537 901 641 966 minus
663 902 835 987 diligenter
855 906 1024 969 versatum
1048 902 1243 989 essedinut,
1269 911 1270 933 ³

173 1005 207 1063 ct
227 1000 366 1065 libenter
387 1003 629 1079 concesserim,
676 1004 706 1067 si
733 1022 776 1067 ex
807 1008 997 1087 argumento
1027 1010 1089 1071 aut
1108 1012 1243 1091 ,temporo
1270 1025 1274 1040 ²

109 1174 112 1179 ¹
173 1118 283 1163 eorum
306 1120 405 1166 causa
428 1103 532 1186 possit
554 1104 682 1183 afferri,
704 1122 767 1189 qua
788 1103 871 1168 haec
891 1104 1094 1188 negligentia
1116 1120 1241 1171 excuse-
1270 1131 1272 1152 ⁵

171 1205 233 1263 tur.
278 1200 381 1282 Quam
399 1221 474 1267 cum
496 1204 656 1280 nesciam,
680 1222 785 1290 neque
807 1205 1021 1292 perspiciam,
1040 1223 1101 1271 cur
1120 1204 1243 1291 scriptor
1277 1233 1280 1247 r

172 1302 204 1365 in
227 1306 277 1366 tot
299 1302 370 1366 aliis
392 1303 524 1388 scriptis
547 1305 629 1368 satis
652 1301 808 1386 diligens,
850 1305 884 1369 in
905 1304 958 1369 bis
979 1302 1001 1371 a
1022 1296 1242 1377 consuetudin

174 1421 232 1467 sna
263 1405 463 1490 recesserit,
506 1403 653 1469 dubitare
682 1410 773 1471 certe
805 1404 881 1469 milri
907 1402 1244 1491 licebitomnibusan

169 1502 226 1574 ns,
259 1505 312 1587 nn
333 1504 531 1590 intelligant,
562 1505 735 1569 utronno
757 1504 827 1569 rere
848 1480 1142 1587 rhoedonesso,
1173 1502 1243 1593 qno

173 1602 398 1670 Demostheni.
452 1606 506 1672 Uti
526 1606 611 1672 enim
633 1604 707 1670 hoio
737 1604 856 1670 oratori
888 1604 1153 1691 praeclarissimo
1184 1618 1243 1669 ora

173 1705 297 1782 tiones,
343 1725 475 1791 quarum
498 1714 611 1772 auctor
632 1702 854 1788 ignorabatur,
895 1704 986 1773 nulla
1008 1704 1076 1771 alia
1096 1704 1140 1773 de
1159 1708 1244 1775 aab

172 1806 449 1892 adscribebantur,
471 1826 562 1892 quam
586 1807 659 1893 quia
681 1806 836 1890 plurimas
857 1804 1018 1885 ediderat,
1038 1804 1159 1893 quibus
1171 1804 1244 1873 alite

171 1905 321 1971 facillime
343 1908 472 1972 annecti
495 1913 661 1993 poterant,
704 1906 754 1970 sio
775 1904 952 1972 Plutarcho
973 1922 1017 1971 ea
1036 1904 1246 1993 philosophia

172 2025 289 2091 opera,
312 2008 424 2091 quibus
446 2008 550 2073 simile
572 2006 731 2092 quoddam
752 2010 973 2091 argumentum
994 2009 1094 2091 atque
1114 2006 1149 2073 in
1163 2006 1246 2071 Plut-

172 2107 263 2172 archi
284 2108 355 2173 veri
377 2109 509 2193 scriptis
531 2108 747 2201 tractabatur,
786 2112 820 2173 et
842 2124 975 2193 quorum
996 2110 1112 2195 auctor
1131 2104 1247 2195 ignota
1281 2136 1282 2163 r

173 2215 260 2292 erat,
282 2208 450 2294 adscripta
472 2225 549 2273 esse
570 2207 732 2272 videntur.

256 2309 295 2375 ln
322 2310 422 2393 libro,
466 2326 528 2395 quo
558 2305 762 2371 ostenditurr
804 2322 882 2368 non
914 2322 1034 2389 posse
1068 2304 1248 2373 suaviter

173 2411 266 2472 vivi
304 2408 525 2472 secundum
547 2406 764 2491 Epicurum
798 2423 821 2468 c
846 2402 887 2468 ii.
918 2400 1031 2469 1087.
1063 2404 1095 2481 b.
1133 2400 1173 2470 τό
1198 2394 1248 2483 ridi

173 2507 308 2592 ἐξαίρειν
329 2514 382 2573 est
404 2525 446 2572 ex
468 2507 634 2571 sententia
663 2512 697 2571 et
726 2504 838 2571 verbis
865 2501 1098 2590 Epicureorum
1128 2504 1246 2583 dictun,

50 2589 53 2595 '
173 2607 210 2673 ο.
232 2608 291 2671 ιιι.
320 2603 436 2673 rose.
459 2625 485 2670 a.
520 2605 641 2672 veroa:
664 2604 814 2681 ιιισοειη
842 2600 1009 2691 caynam,
1054 2602 1131 2673 aaut
1166 2606 1262 2693 aar,

172 2710 310 2772 τοιαῦτα
331 2707 468 2771 κινοῦσα
489 2707 544 2769 καὶ
566 2706 808 2793 γαργαξιζονσα
830 2705 889 2768 τοῦ
910 2702 1080 2785 σώματος,
1100 2706 1269 2779 ιιιιιιιιΙιιιιΙ

172 2814 227 2871 aut
248 2826 361 2872 manca
383 2825 459 2899 esse
475 2808 544 2890 jam
566 2805 671 2870 sensit
691 2805 871 2890 Xylander.
900 2804 1059 2895 Reiskius
1078 2806 1178 2893 igitur
1196 2824 1248 2873 su·

173 2909 319 2992 spicatas
342 2913 409 2974 est:
454 2903 627 2982 ὀλισθεῖν)
649 2902 798 2986 ἀλγηδών
818 2900 862 2980 ὡς
883 2902 957 2970 οὐδὲ
974 2909 1070 2991 ἑτέρα
1090 2904 1185 2999 (scil.
1203 2904 1247 2973 tl·

171 3005 310 3098 sectus),
332 3006 374 3073 rol
395 3009 503 3072 πάντα
523 3010 667 3070 κινοῦσα.
689 3006 862 3091 Wyttenb.
880 3000 1076 3095 Ὁλισθήρὸιι
1095 3004 1163 3091 γὰρ
1177 3002 1248 3085 ἡδο-

173 3108 227 3196 νὴ,
254 3110 326 3175 οὐδὲ
353 3110 458 3173 ταῦτα
480 3103 553 3170 οὐδὲ
574 3111 682 3191 ἑτέρα,
710 3106 894 3172 Faehsius:
936 3102 1038 3186 ἄλγος
1064 3108 1126 3173 καὶ
1149 3100 1250 3191 ᾔδαῦὴ,

173 3205 247 3276 οὐδὲ
267 3213 369 3298 ἔτερα,
392 3210 549 3272 τοσοῦτον
570 3216 655 3271 κινεῖ
671 3200 742 3287 ἅμα
762 3206 819 3270 καὶ
839 3204 1025 3291 γαργαλίζει
1045 3202 1091 3271 τὰ
1110 3208 1172 3297 τοῦ
1190 3200 1250 3273 σοι·

170 3335 273 3392 ματος
295 3317 350 3375 ant
368 3302 490 3391 μάλιστ’
519 3305 560 3371 ἂν
581 3313 629 3384 εἴη
649 3306 749 3388 ἄλγος
769 3308 825 3371 ναὶ
847 3302 959 3399 ἡδονὴ,Ι
976 3301 1027 3371 ori.
1041 3308 1080 3387 a,
1099 3308 1250 3375 τοσοῦτοι

171 3412 307 3476 κινοῦσα
328 3411 384 3474 ναὶ
406 3409 649 3494 γαργαλιζονσα
669 3409 728 3471 τοῦ
749 3405 907 3488 σώματος.
949 3404 1024 3471 Hoc
1044 3406 1178 3495 quidem
1198 3422 1250 3473 rti-

172 3519 225 3578 cte
247 3518 282 3576 et
305 3508 477 3594 Wytteub.
501 3513 536 3572 et
557 3508 719 3574 b'aehsius
747 3506 980 3573 intellexerunt
1012 3508 1252 3593 propterca—

171 3614 244 3678 bum
264 3609 468 3697 γαργαλίζειν
489 3608 531 3674 de
555 3608 724 3694 voluptate
756 3606 808 3672 bic
836 3605 1028 3691 scriptorem
1057 3624 1140 3701 esse
1168 3606 1252 3675 locu-

172 3720 259 3788 tum,
303 3713 454 3797 poterant
475 3718 583 3774 autem
604 3708 702 3774 multo
724 3706 898 3772 faciliorem
919 3704 1077 3773 adhihere
1098 3706 1253 3777 medelum

171 3815 277 3879 hauet
304 3809 469 3888 Ὀλισθιιή
491 3807 522 3874 δ’
547 3807 589 3874 ἂν
610 3807 732 3887 ἡδονῶν
754 3803 822 3871 oid
846 3811 940 3893 ἑτέρα
958 3806 1097 3873 τοιαῦτα
1119 3808 1253 3897 ιιινοῦιια

170 3936 200 3978 κ.
224 3938 251 3976 τ.
274 3914 303 3975 λ.
347 3911 516 3975 Nostrum:
539 3907 589 3974 Es
611 3909 738 3974 mbcbte
758 3907 836 3974 aber
858 3925 923 3973 von
943 3904 1253 3991 angenebmerfflm·

169 4012 368 4098 pdndungen
390 4009 479 4076 nicht
501 4009 560 4076 auf
576 4006 634 4076 der
655 4008 778 4075 andern
800 4006 898 4075 Seite
917 4007 992 4075 eine
1018 4006 1053 4095 in
1082 4006 1151 4077 deu
1168 4004 1257 4107 libr-⁸
