2564 4508
473 81 750 152 -.m-

61 217 158 316 581.
180 267 210 316 e.
232 246 266 312 in
287 246 418 314 verbis:
439 252 476 314 αἱ
497 243 757 332 ὁλΣωκράτους
778 234 821 314 αύ
843 220 947 335 ὁρμαλΙ
961 247 1000 314 τὸ
1020 249 1155 335 βέβαιον
1272 208 1273 212 ¹

63 354 202 430 ἔχουσαι
225 351 363 415 Hutten.
386 337 430 413 αὖ
452 344 549 436 ὁρμαὶ
569 368 591 414 e
613 349 690 435 Xyl.
713 357 835 427 mente,
875 349 1049 434 Wytienb.
1072 370 1155 436 pro-

44 449 181 537 bante,
225 469 283 536 pro
312 450 446 534 vulgatu
473 468 536 515 uno
567 451 676 515 verbo·
691 446 841 536 ἀφορμαὶ
863 448 960 515 dedit.
1005 451 1051 515 At
1073 451 1169 532 maie
1218 464 1220 469 ’
1250 459 1252 464 ’

62 551 220 618 Budaeus
242 551 362 636 docuit,
383 547 536 635 ἀφορμὴν
559 550 676 636 opponi
696 552 735 634 τῇ
758 548 860 637 ὁρμῇ,
882 550 967 637 quud
983 552 1037 632 sit,
1061 571 1157 637 quum

64 653 136 739 quis
166 673 247 738 prae
274 671 399 738 pavore
429 656 566 737 repente
595 652 719 717 referat
752 650 866 737 pedem
903 653 958 718 vei
992 652 1156 738 quippiam

62 761 261 820 aversetur..
291 751 358 817 Est
380 754 487 838 patius
509 749 642 838 ὁιφορμὴ
664 753 824 818 interdum
847 748 941 839 ὁρμὴ,
963 771 984 818 a
1005 771 1068 838 qna
1085 772 1157 844 οεο-
1179 782 1182 790 ·

62 860 115 919 tus
137 852 255 939 aliquid
278 854 426 941 appetis,
463 853 510 918 uti
531 854 565 918 in
587 853 705 919 Periei.
729 873 756 918 e.
778 854 824 918 ΙΙ.
846 854 982 937 legiturt
1025 851 1154 936 προθο-

59 958 141 1036 μίαν
161 955 217 1018 καὶ
239 949 392 1037 ἀφορμὴν
414 956 463 1018 λιτὶ
486 951 543 1031 τὴν
564 952 774 1033 ἐξομοίωσιν,
788 955 841 1019 ubi
854 950 972 1019 Reisk.
994 954 1079 1020 male
1100 955 1154 1038 ὀρ·

57 1051 125 1136 ,μὴν
148 1055 300 1119 correxit.
348 1055 421 1119 vid.
445 1052 578 1119 Sebaei.
602 1054 644 1120 ad
667 1056 698 1120 h.
720 1055 742 1119 l.
770 1053 903 1120 Deinde
924 1054 1058 1138 βέβαιον
1078 1060 1157 1139 pust

62 1152 100 1220 τὸ
124 1155 224 1221 Turn.
247 1161 282 1220 et
307 1154 397 1220 Vale.
419 1155 461 1221 ad
483 1157 681 1242 explendam
703 1158 851 1223 lacunam
872 1154 1155 1241 dederunt.,xy1.

60 1257 251 1342 suspicatur
273 1256 426 1340 ἐμβριθὲς
448 1257 503 1321 vei
526 1257 591 1321 tale
613 1257 688 1342 quid
711 1257 890 1332 excidisse,
913 1261 947 1320 et
969 1256 1010 1319 It.v
1033 1253 1157 1320 mavult

63 1354 171 1444 τόνον,
192 1355 278 1441 quud
301 1356 473 1440 Wyttenb.
498 1358 651 1442 praefert.
697 1357 732 1424 C.
755 1358 832 1422 ΧΙΙ.
857 1353 947 1421 582.
971 1373 1002 1420 a.
1025 1355 1057 1420 in
1078 1374 1156 1421 ver-

64 1458 137 1522 bis:
166 1455 236 1521 εἱτα
257 1457 400 1541 φανῆναι
423 1453 535 1537 ὅμοιόν
557 1483 588 1522 τι
610 1455 739 1540 μηνύειν
760 1461 816 1523 καὶ
837 1458 1026 1536 καταλέγειν
1046 1460 1156 1540 ἐκείνῳ

64 1560 110 1641 τῴ
133 1561 286 1639 ἱστορικῷ
306 1552 430 1620 τούτων
450 1558 597 1634 ἕκαστον,
621 1559 719 1623 Turn·
743 1565 777 1623 et
803 1557 895 1623 Vulc.
917 1574 976 1642 pro
1011 1557 1161 1644 φανῆναι,

63 1658 225 1744 praebent
252 1661 394 1740 φανείη,
437 1657 557 1724 deinde
584 1656 698 1741 ὁμοιὸν
727 1683 758 1722 τι
781 1655 940 1743 stephan.
963 1676 1006 1723 ex
1027 1646 1157 1723 Sebutt

63 1759 199 1824 Leoniu.
213 1759 320 1822 Anon.
344 1759 470 1843 recepit
492 1779 550 1844 pro
573 1756 714 1840 ὀμὸοντι,
737 1759 822 1845 quud
845 1758 953 1826 estin
976 1757 1051 1823 Ald.
1076 1757 1157 1825 Bas.

62 1858 159 1945 Xyl.,
180 1861 270 1942 cujus
292 1856 363 1924 lu'co
387 1859 425 1924 Β,
450 1857 492 1925 Ε.
515 1861 674 1946 praebent
695 1856 857 1941 ὁμνὸοντι.
901 1859 983 1926 lnde
997 1859 1157 1927 Reiskius

65 1967 121 2027 est
137 1950 344 2046 suspicatus?
364 1959 435 2024 εἶτα
456 1957 597 2042 μάχοιτο
619 1956 771 2042 ὀμνύοντι
792 1959 921 2042 μηνύειν
941 1962 998 2025 καὶ
1019 1961 1156 2025 καταλέ·

63 2084 133 2144 γειν
154 2067 276 2126 ἐκεῖνον
297 2059 354 2126 τὸν
376 2060 540 2146 ἱστορικὸν
566 2059 690 2127 τούτων
719 2063 868 2128 ἕκαστον.
912 2060 1020 2147 Magis
1049 2066 1157 2140 tamen

64 2162 166 2248 probo
188 2162 364 2247 Wyttenb.
387 2165 623 2246 conjecturum,
666 2181 730 2247 qua
743 2169 745 2172 ’
759 2162 937 2227 scribatur:
979 2159 1051 2226 εἶτα
1071 2163 1157 2247 φαίη

64 2258 234 2343 δαιμόνιόν
255 2286 287 2326 τι
306 2260 435 2345 μηνύειν
456 2267 565 2345 ἐκείνῳ
586 2263 652 2326 τῶν
672 2263 843 2344 ἱστορικῶν
863 2256 988 2326 τούτων
1008 2263 1157 2333 ἕκαστον,

64 2369 101 2429 ut
123 2365 288 2431 sententia
309 2365 370 2429 sit:
400 2365 691 2447 affirmentque
713 2361 885 2427 Genium
907 2360 1157 2445 significare

64 2463 133 2528 iili
156 2476 471 2550 unamquamque
494 2482 624 2529 rerum
650 2469 879 2547 gesturum,
907 2461 1002 2528 modu
1025 2468 1059 2527 ut
1081 2466 1158 2547 post

64 2562 197 2646 μηνύειν
217 2568 274 2630 καὶ
291 2568 482 2647 καταλέγειν
503 2564 693 2630 retineatur.
728 2563 815 2649 Xyl.
838 2568 1004 2629 verterat:
1033 2564 1156 2645 jura·

65 2673 216 2752 retque
244 2667 384 2752 patius
415 2666 537 2730 istam
566 2663 804 2729 memoriter
825 2663 934 2730 *baec
967 2664 1157 2729 recitare
1235 2708 1237 2715 -

65 2786 181 2853 quam
203 2767 301 2833 istis
324 2770 523 2832 contenta
547 2764 709 2830 litterIs
731 2764 963 2831 enuntiare.
1006 2760 1155 2829 laesa.
1251 2848 1254 2853 4

65 2886 95 2933 c.
119 2866 241 2932 verba:
263 2863 367 2950 ὥσπερ
388 2872 486 2941 εἴτις
508 2863 568 2931 ὑπὸ
591 2867 650 2930 τού
669 2867 783 2950 βέλους
797 2867 881 2951 φαιή
895 2865 1093 2950 τετρῶσθαι,
1112 2855 1157 2945 μὴ

64 2969 113 3049 τῴ
134 2967 219 3049 βέλει
240 2963 301 3031 ὑπὸ
323 2969 382 3030 τοῦ
402 2964 584 3050 βαλόντος,
627 2966 852 3051 μεμετρῆσθαι
874 2962 905 3029 d'
931 2953 981 3042 αύ,
995 2961 1033 3028 τὸ
1054 2961 1156 3049 βάρος
1266 2999 1270 3017 1

66 3062 129 3130 ὑπὸ
151 3068 209 3129 τού
230 3063 347 3147 ζύγον,
390 3063 437 3147 μὴ
456 3067 508 3148 τῴ
523 3067 608 3148 {eya}
631 3061 692 3130 ὑπὸ
715 3068 775 3130 τοῦ
797 3061 958 3140 ἱστάντος.
979 3064 1088 3150 aptius
1111 3069 1158 3130 iia

67 3173 164 3232 erunt
191 3167 371 3253 collocata,
416 3173 450 3231 ut
471 3168 517 3250 τῴ
537 3168 622 3250 βέλει
635 3171 730 3255 ,ροσε
755 3162 914 3250 βαλόντος
936 3171 971 3256 et
998 3165 1043 3248 τῷ
1072 3164 1158 3248 ζυγῷ

67 3274 144 3354 post
166 3264 227 3333 ὑπὸ
257 3270 317 3333 τοῦ
345 3263 498 3342 ἱστάντος
526 3267 632 3332 lucum
660 3272 796 3354 teneat,
842 3285 914 3332 nam
942 3265 975 3331 in
1002 3262 1064 3332 ὑπὸ
1099 3267 1159 3330 τοῦ

65 3366 218 3444 ἱστάντος
239 3389 392 3434 summum
416 3374 469 3432 est
490 3369 629 3453 positum
650 3374 853 3435 momentum.
898 3364 934 3432 C.
955 3366 1049 3433 xlv.
1069 3357 1159 3432 585.

65 3469 85 3534 s.
118 3469 260 3535 fortasse
284 3489 341 3554 pro
365 3471 423 3533 τοῦ
444 3469 519 3551 βίον
540 3466 628 3549 ἡμῶν
650 3470 803 3555 scriptum
830 3473 902 3534 erat
923 3469 983 3532 τού
1003 3470 1079 3552 βίον
1098 3467 1159 3549 τρῦ

65 3565 165 3650 ἡμῶν.
211 3569 257 3634 lb.
281 3571 313 3634 in
330 3569 460 3635 verbis:
484 3573 565 3655 (ἔφη
581 3565 870 3652 ὁῈιιαμινοὸνὸας)
894 3571 956 3654 ἔφη
969 3565 1159 3653 pust’Euu·
1209 3640 1215 3647 ι

66 3665 228 3750 μινιὸνὸας
249 3670 394 3736 fortasse
415 3670 473 3735 fuit
495 3669 699 3750 collocatum,
743 3669 776 3735 id
798 3660 882 3755 quud
905 3668 1004 3735 etiam
1032 3687 1061 3733 ο.
1083 3665 1157 3732 XV.

69 3766 162 3834 584.
196 3791 222 3836 ο.
251 3769 293 3836 de
322 3772 456 3837 verbis:
485 3772 565 3855 (ἔφη
581 3765 611 3834 ’ὁ
642 3767 790 3856 Θεάνωρ)
817 3771 977 3855 suspicer.
1022 3765 1059 3834 C.
1080 3765 1157 3832 XX.

69 3866 162 3936 589.
184 3871 215 3934 b.
246 3871 278 3936 in
307 3873 432 3937 verbis:
480 3866 568 3935 καθ’
600 3867 644 3935 ὁν
665 3866 685 3948 ἡ
706 3865 799 3955 ψυχὴ
820 3866 969 3946 νοήσασα
989 3870 1160 3954 ἐφέλκεται
1193 3935 1196 3941 ,

66 3979 141 4047 ταῖς
163 3966 278 4053 ὁρμαῖς
298 3970 356 4037 τὸν
378 3969 478 4065 ὄγκον
506 3970 638 4038 videtur
666 3980 738 4044 ταῖς
764 3964 880 4056 ὁρμαῖς
906 3973 984 4053 post
1009 3964 1159 4046 νοήσασα
