2564 4508
502 120 890 211 ..m-,0

94 285 280 354 mutandum
308 286 354 353 sit
374 287 408 353 in
434 287 623 370 συμβαίνειν
650 287 702 355 ἐπ’
734 292 822 374 ἰατρ,
862 285 1076 355 Puerorum
1096 285 1187 355 enim

93 387 216 455 verbor
235 385 268 453 Ὁ
287 388 324 452 dl
345 383 550 466 Θεόπομποςτ
577 390 694 454 τοῦτον
713 390 772 471 μὲν
792 386 943 472 ἄριστον,
970 387 1058 454 unde
1076 406 1189 475 appo·

93 494 161 561 ret,
186 490 365 555 cretionem
391 506 471 553 esse
493 487 663 574 obliquum
683 487 746 553 11.
766 488 852 571 legis
868 490 926 553 καὶ
946 491 1186 573 dccxxviii,

94 586 131 653 2.
161 587 283 655 verbo:
309 585 330 666 ἢ
353 591 386 653 ot
406 587 585 674 mulceamur
606 586 626 666 ἢ
648 594 681 653 οἱ
700 589 847 671 βασιλεῖς
873 595 952 655 suni
974 587 1126 657 Platonis
1149 593 1185 655 el

94 686 120 753 3
135 694 170 753 et
182 686 218 758 s.
231 686 385 773 Polybius
394 689 546 772 {imitatus
559 694 613 754 est
628 689 799 753 Platonem
812 687 963 755 scribens
972 687 1060 776 ιμ’,οί
1075 711 1184 775 πραχ-

90 791 224 871 μοιτυιολ
245 794 281 855 et
300 785 321 866 ri
340 792 372 853 οὶ
392 785 532 874 χροίφειν
548 770 802 871 ἐπιβαλλόμενοι.
963 848 965 855 ,

174 889 214 955 lu
238 888 419 974 Excerptis
441 893 520 955 Vut.
543 888 620 971 Muj.
647 888 682 953 1.
704 906 763 974 pro
782 912 888 975 φησι,
916 890 1179 959 anternacum

91 1013 202 1076 φησιν.
220 994 262 1052 11.
280 1007 385 1075 neque
398 987 486 1053 κατα
504 985 543 1052 τὸ
558 987 664 1065 Ἴλιον,
688 1007 793 1074 neque
811 992 901 1069 χεοί
913 988 1085 1074 Polybium
1098 991 1180 1057 sori·

90 1089 202 1174 psisse
221 1088 447 1181 concesserim.
470 1093 528 1154 IV.
548 1108 611 1153 nou
632 1087 760 1153 oriendo
779 1089 813 1153 iu
821 1090 884 1153 οιαὶ
903 1086 1040 1175 ἐτράφη,
1060 1090 1122 1157 scd
1137 1090 1179 1157 il).

89 1189 123 1255 io
144 1188 275 1255 verbis:
297 1192 426 1273 ρ’ίοντος
443 1190 591 1269 ποταμοῦ
607 1185 777 1273 Ἀλφειοῦ·
802 1195 925 1255 ἐκεῖνον
942 1188 1009 1273 γὰρ
1023 1188 1180 1277 Polybius

90 1290 234 1357 fortusse
262 1293 391 1373 ρ’ίουτος
413 1287 591 1375 Ἀλφειοῦ·
634 1285 781 1370 ποταμὸν
808 1287 874 1375 γὰρ
894 1295 1017 1355 ἐκεῖνον
1038 1292 1183 1377 scripsit

92 1391 133 1456 V.
161 1388 383 1458 ὑποδείκνυσιν
409 1411 469 1477 pro
496 1387 697 1455 ὑποδείκνυσι
725 1397 802 1456 anie
829 1387 872 1466 ὡς
900 1391 1018 1457 scribe-
1048 1389 1105 1459 vi.
1126 1393 1183 1457 ml

89 1488 297 1572 risereudum
319 1499 354 1559 et
374 1493 481 1556 ταῦτα
502 1488 542 1555 οὐ
562 1487 796 1575 corrigendum.
837 1489 921 1556 item
944 1491 1019 1555 Vii.
1041 1492 1076 1556 dt
1096 1489 1181 1559 νἰπα-

90 1590 247 1677 ραιτήτοο
275 1599 310 1659 et
341 1590 485 1674 μάλιστα
512 1588 562 1655 ἂν.
593 1594 651 1655 1x.
678 1614 713 1654 τε
740 1580 787 1670 ἦν.
815 1595 858 1655 Χ.
885 1610 945 1678 pro
971 1589 1101 1677 ἐρρήθη
1129 1591 1177 1661 ἐπ’

90 1690 270 1775 ἀληθείας,
293 1691 376 1778 qrrcd
400 1692 559 1757 Luchtius
581 1691 683 1777 dedit,
704 1691 811 1757 iued.
834 1693 928 1757 itum
951 1700 1006 1759 cst
1026 1690 1077 1759 ἐπ’
1102 1691 1182 1773 ἀλή-

87 1793 199 1870 θειαν,
220 1792 281 1858 sed
302 1791 452 1879 equidem
470 1811 537 1857 nou
558 1793 677 1872 dubito,
707 1793 782 1878 quin
805 1792 857 1857 iric
878 1792 1098 1861 eodemmodo
1111 1789 1178 1859 κατ’

89 1889 253 1970 ἀλήθειαν
273 1893 479 1959 scribendum
502 1894 567 1972 sit,
597 1912 661 1979 quc
681 1892 715 1958 id
737 1893 833 1978 poulo
855 1899 930 1978 post
951 1893 1004 1959 bis
1024 1896 1182 1980 scriptum

91 1993 233 2057 videbis.
275 1994 359 2058 Jure
380 2000 489 2059 autem
510 1994 595 2058 inira
617 1993 765 2058 oriendus
785 1994 817 2059 iu
845 1997 1034 2079 ἐπιχειροίη,
1063 1990 1181 2079 ὥσπερ.

89 2092 175 2157 Num
197 2097 245 2156 ἐπ.
267 2088 363 2157 τοῦθ’
387 2088 493 2174 ὥσπερ
515 2095 671 2178 scriptum
692 2085 792 2159 erat?
812 2097 872 2157 XI.
893 2095 1021 2177 corrige
1042 2094 1077 2159 dd
1098 2091 1183 2161 ont

90 2196 183 2259 Xlll.
209 2192 300 2257 feres
325 2193 383 2257 καὶ
403 2193 513 2277 ἕτερον
533 2227 575 2241 -·
601 2192 699 2258 dcxci.
739 2190 915 2272 Ἑχούοης,
942 2210 1051 2278 nequo
1077 2194 1182 2259 minos

87 2295 147 2359 καὶ
167 2297 201 2358 οἱ
221 2298 256 2359 ot
276 2289 462 2375 docueruut·
505 2291 555 2369 οἷς
581 2296 658 2359 XV.
685 2295 718 2360 in
740 2295 854 2367 verbis
874 2293 1053 2379 corruptist
1095 2317 1181 2382 περι·

89 2393 299 2474 ποιησάμενοι
333 2389 424 2482 [οἳ]
460 2391 589 2459 ἐπειδὰν
626 2392 659 2459 οἳ
692 2395 734 2460 ab
768 2393 844 2460 edd.
880 2399 935 2459 est
968 2392 1180 2480 adscriptum·

89 2492 251 2582 Equidem
271 2496 378 2559 πίστιν
399 2494 634 2580 suppleverim‚
673 2513 817 2580 pergens
839 2492 1039 2580 deiude-per
1060 2498 1181 2561 ἔπειτα.

87 2593 128 2663 Iu
148 2595 191 2661 iis
211 2612 296 2682 quue
316 2602 494 2679 sequuntur
515 2595 590 2660 milri
612 2601 689 2682 post
709 2598 956 2683 προσφέρεσθαι
977 2595 1108 2682 plenius
1126 2596 1181 2661 iu-

88 2694 348 2781 terpuugeudum
367 2713 446 2761 esse
467 2695 613 2774 videtur,
649 2703 686 2761 ut
707 2716 767 2782 per
787 2701 816 2761 εί
836 2715 924 2763 πονο
943 2694 1078 2781 incipiat
1098 2714 1180 2763 scu-

87 2796 202 2861 tentio.
222 2799 314 2861 xv1.
337 2793 493 2861 Lucidius
513 2795 616 2863 edidit
636 2795 690 2872 αἷς
710 2793 919 2879 ἐμαχὴοαντο
939 2800 992 2878 οἱ,
1033 2794 1097 2861 sed
1125 2794 1179 2863 ed.

88 2896 184 2961 Rom.
206 2896 343 2982 praebet
362 2893 416 2971 αἶς
435 2894 615 2983 ἐχρήσαντο
637 2903 690 2977 ot,
731 2897 818 2984 quud
845 2916 911 2962 uon
937 2895 1180 2981 improbandum

91 3015 171 3063 esse
198 3014 338 3086 censeo,
364 2997 457 3063 modu
486 2996 648 3063 scribatur
675 2994 871 3083 ἐχρήσανθ’.
914 2994 981 3062 Cur
1008 2996 1095 3063 euim
1115 3014 1181 3063 nou
1216 3062 1219 3067 .

88 3100 287 3176 ναυμαχίαις
305 3098 458 3183 χρῆσθαι
479 3097 544 3163 dici
566 3089 701 3183 potest?
744 3096 827 3161 lbid.
857 3096 987 3175 minime
1013 3102 1068 3163 est
1100 3115 1180 3183 pro-

87 3196 243 3276 bandum,
271 3197 357 3283 quod
377 3196 535 3261 Lucilius
561 3203 638 3283 pust
666 3194 915 3278 ἀπενέγκασθαι
942 3199 1011 3263 ἔστι
1039 3194 1178 3261 addidit.

87 3297 265 3365 Sententia
284 3298 394 3385 potius
415 3303 492 3363 est:
535 3298 728 3382 scriptorem
754 3295 855 3363 multu
876 3295 968 3361 utilis
987 3294 1032 3363 sd
1052 3296 1181 3389 similes

88 3398 293 3465 conditiones
324 3397 346 3463 i.
369 3416 398 3465 e.
428 3397 471 3464 sd
502 3397 620 3465 similia
647 3404 795 3483 tempora
821 3396 976 3463 attulisse
1001 3394 1180 3461 mirabitur.

87 3502 197 3567 xvu.
219 3497 347 3582 corrige
369 3493 443 3562 οὔτε
463 3501 626 3584 ἐμπείροις,
649 3516 713 3563 non
735 3493 1029 3582 ὶίειιαὶολναφελίς.
1050 3498 1178 3563 xviri.

86 3601 121 3667 io
142 3599 273 3668 verbis:
294 3603 324 3665 sl
344 3598 379 3663 di
398 3600 457 3665 καὶ
477 3599 534 3676 τῆς
554 3598 619 3663 τῶν
638 3597 746 3663 τόπων
766 3598 863 3674 θέας,
885 3593 1010 3676 λοιπὸν,
1028 3591 1102 3683 ὅσα,
1120 3591 1179 3663 tor

86 3707 132 3778 cic
151 3723 184 3766 τι
203 3699 270 3765 τῶν
288 3699 393 3787 μερῶν
413 3695 538 3765 τούτων
557 3704 679 3782 ἐμπέσῃ
697 3694 786 3763 κατὰ
805 3695 864 3775 τὴν
884 3699 1051 3783 ἱστορίαν,
1070 3689 1177 3763 πολλὰ

86 3803 144 3883 μίν
163 3797 280 3882 ἀγνοοῖ
295 3801 354 3865 ναὶ
374 3795 531 3881 ψεύδεται
552 3818 612 3884 pro
633 3794 701 3874 ὅτι,
735 3794 794 3863 ἐὰν
815 3797 869 3863 ed.
890 3796 984 3863 Rom·
1004 3795 1107 3863 habet
1124 3788 1174 3861 ὅτ’

85 3899 137 3966 ἂν.
181 3900 233 3967 Τιι
259 3896 388 3967 scribet
418 3902 448 3964 u
473 3899 508 3963 oi
533 3898 592 3965 ml
618 3896 674 3977 τῆς
708 3898 773 3962 τῶν
800 3893 908 3967 τόπων
933 3898 1020 3973 θέας
1048 3896 1176 3977 λείπων,

86 3997 485 4086 ὅταΗμπίσῃ-ἀχνοεί
503 4007 539 4067 ei
559 3997 727 4069 sententia
747 4003 813 4067 lom
839 3997 965 4067 demum
995 3996 1083 4067 beno
1112 3992 1174 4065 ht·
