2564 4508
442 96 862 246 κου-ζ’

98 308 154 373 *in
180 307 493 393 comparatione
523 304 673 392 A'gidis
701 314 740 373 et
769 307 1010 375 Cleomenis
1036 329 1120 379 cum

72 407 238 474 irocchis
260 427 287 473 c
305 409 344 472 V.
355 405 446 473 845.
463 426 492 472 e.
503 408 536 472 in
549 408 677 474 verbisz
700 413 732 473 ol
744 405 894 474 πλούσιοι
913 417 1123 495 περιέστησαν

72 515 233 595 νφοτέροις
253 504 392 591 ἀγῶνας,
420 508 465 590 τῷ
487 509 544 589 μὲν
565 509 760 594 φοβουμένῳ
780 505 857 593 ὑπὲρ
878 503 996 587 αὑτοῦ,
1019 514 1065 594 τῷ
1091 511 1120 577 ὸ“

72 609 216 697 imponor
237 605 295 672 τὸν
314 606 457 693 ἀδελφὸν
477 606 556 671 ἄνευ
577 609 667 685 δίκης
693 610 750 672 καὶ
779 608 940 688 δόγματος
971 606 1041 673 οὐδ’
1072 609 1120 676 ὑπ’

72 730 194 786 mutuos
207 706 445 798 ἀναιρεθέντας
468 707 613 794 offendit,
628 707 711 794 quod
728 709 920 794 φοβουμένῳ
935 705 1009 796 ὑπὲρ
1021 707 1124 777 αὑτοῦ

73 810 190 894 riptum
218 809 348 892 legitur.
397 806 437 872 Si
465 809 549 875 enim
578 827 696 875 nexum
725 809 896 874 verborum
923 817 1123 895 spectamus,

72 917 232 996 ιφοτέροις
259 928 322 990 nou
351 913 463 993 potest
488 928 552 974 uon
578 909 620 974 de
642 916 776 994 utroque
797 908 946 977 Graccho
975 911 1123 998 intelligi.

72 1010 201 1096 pposuit
218 1009 302 1074 enim
320 1010 460 1094 scriptor
481 1010 513 1074 iu
536 1011 577 1074 iis
599 1028 682 1094 quae
703 1007 901 1074 antecedunt
920 1007 1048 1087 τούτοις
1067 1016 1125 1096 μὲν

72 1111 158 1194 igidi
180 1116 217 1175 et
240 1105 428 1195 Cieomeni)
450 1107 485 1188 ἐξ
504 1106 606 1194 ἀρχῆς
627 1106 819 1191 τυραννικὸν
840 1113 896 1174 καὶ
911 1111 1125 1193 πολεμοποιὸν

72 1212 202 1274 τιοῦυτοα
223 1210 381 1292 γενέσθαι
403 1217 436 1274 et
457 1211 498 1292 τῇ
520 1205 550 1272 δ’
576 1213 703 1273 ἐκείνων
729 1205 997 1300 (Gracchorum)
1026 1209 1123 1296 φύσει

72 1311 223 1391 λατομίας
243 1307 416 1393 ἀμετρίαν,
457 1307 539 1374 ἀλλο
560 1306 589 1372 δ’
616 1304 707 1373 οὐδὲν
730 1314 762 1374 οἱ
783 1310 989 1394 φθονοῦντες
1010 1316 1125 1377 inexce-
1226 1346 1228 1353 ·

72 1418 99 1474 ἵν
120 1407 212 1488 εἶχον
234 1410 402 1496 pergitque
425 1409 543 1475 deiude
566 1408 736 1474 Gracchos
765 1410 985 1476 tautummodo
1013 1420 1122 1479 certa-

72 1510 120 1574 iue
143 1529 215 1575 cum
237 1509 440 1575 adversariis
461 1508 503 1574 ad
526 1513 673 1574 extremo
695 1527 773 1574 esse
794 1516 896 1575 actos.
940 1509 1033 1592 Quae
1054 1532 1126 1582 cum

72 1609 190 1688 reiut,
220 1609 377 1694 quomodo
400 1609 442 1675 de
464 1609 595 1674 Tiberio
617 1614 728 1693 potest
752 1607 832 1686 dici,
861 1610 1040 1694 eitimeuti
1065 1633 1125 1700 pro

101 1727 241 1794 pugnam
272 1714 446 1797 optimates
473 1701 642 1794 parasse?
686 1710 779 1775 immo
799 1710 983 1801 optimates
1009 1714 1126 1782 timore

72 1815 130 1874 aut
156 1812 284 1899 affecti,
311 1831 374 1877 non
398 1811 560 1875 Tiberius.
604 1809 721 1876 Scribe
743 1811 841 1896 igitur
862 1812 1054 1898 φοβουμένῳ
1076 1813 1120 1880 δι’

72 1904 137 1973 ’ποῦ
159 1910 180 1973 i.
198 1929 227 1975 e.
251 1912 313 1996 qui
334 1930 409 1996 per
427 1929 470 1976 se
493 1910 738 1989 timebatur,
761 1912 950 1978 cumfrater
966 1915 1065 1978 etiam
1079 1918 1124 1980 ti-
1148 1964 1156 1969 -

72 2013 187 2095 eretur,
199 2016 235 2074 ut
248 2012 372 2076 iuturus
388 2011 499 2075 fratris
514 2012 633 2092 injuste
647 2012 810 2078 interemti
825 2012 916 2078 nitor.
939 2011 987 2078 lit.
999 2008 1123 2081 845?st

73 2107 266 2188 οὐλαχιοτα
287 2112 320 2176 δὲ
341 2108 379 2174 τὸ
399 2107 566 2195 μειράκιον
586 2100 914 2193 υμαρτηκοναιἏγιν,
938 2113 1007 2178 cod.
1020 2113 1125 2201 Sang.

72 2207 135 2274 oet
168 2208 326 2286 ἐλάχιστα
355 2211 389 2274 δὲ
422 2208 509 2300 [scr.
542 2205 599 2297 δ’]
638 2207 853 2297 ἡμαρτηκέναι
884 2208 924 2274 τὸ
956 2210 1125 2299 μειράκιον

72 2331 137 2387 μιν,
160 2310 244 2393 quod
263 2314 330 2394 jam
353 2308 477 2377 Goracs
503 2310 655 2395 praetulit
676 2315 711 2372 ut
732 2305 960 2395 theopompum.

120 2409 160 2472 lu
183 2411 252 2475 vita
274 2410 392 2496 Agidis
414 2413 510 2496 igitur
532 2428 626 2472 unum
649 2407 832 2490 graviorem
853 2408 974 2473 hiatum
996 2415 1125 2496 reperi-

72 2529 104 2572 rs
127 2527 147 2573 e
169 2514 355 2594 conjectura
377 2509 551 2576 toiieudom
574 2530 602 2576 ο.
625 2509 685 2574 ΧΙ.
706 2509 847 2597 itemque
874 2507 909 2572 in
936 2497 1125 2578 vita'Clco·

72 2609 160 2685 cuis,
195 2611 224 2673 si
256 2629 315 2676 eos
338 2613 390 2698 qui
413 2611 563 2676 excusari
586 2613 724 2696 possunt
755 2607 946 2684 omittimus,
991 2608 1073 2674 duos
1095 2628 1125 2675 o.

72 2709 95 2772 Ι.
120 2702 155 2773 e‘t
176 2708 263 2787 Xil.,
297 2715 330 2776 iu
352 2714 423 2776 vita
446 2712 570 2776 Tiberii
593 2709 735 2776 Gracchi
756 2715 864 2775 autem
886 2714 956 2772 tres
985 2709 1121 2775 ecodd.

72 2807 257 2876 tendendos
272 2831 300 2878 c.
318 2812 475 2877 VHLXI.
492 2819 526 2877 et
539 2811 613 2877 XX.
636 2811 675 2876 lu
696 2809 766 2874 vita
783 2803 856 2892 Gaji
872 2806 1015 2874 Gracchi
1029 2817 1125 2876 eraut

72 2929 124 2990 es,
146 2930 277 2996 quorum
300 2933 383 2978 uuus
413 2932 442 2977 c.
471 2912 580 2976 XVli.
611 2910 757 2980 codicum
784 2909 997 2997 auctoritate,
1042 2928 1126 2996 unus

83 3009 110 3076 1.
132 3010 207 3074 otiis
230 3010 412 3092 decausis,
435 3018 469 3076 et
492 3031 573 3076 uuus
596 3029 623 3076 c.
642 3010 685 3074 X.
708 3028 727 3074 e
749 3010 937 3091 conjectura
959 3009 1125 3075 tollendus

72 3128 112 3174 se
134 3110 316 3175 videbatur.
360 3112 478 3198 Neque
500 3111 603 3176 minus
625 3129 668 3176 ex
695 3109 786 3174 vitiis
815 3109 971 3191 ejusmodi
999 3109 1127 3178 duobus

87 3212 329 3295 comparatione
353 3212 459 3278 obviis
480 3213 615 3277 aiterum
636 3229 680 3277 cx
701 3211 822 3296 optimo
844 3209 959 3276 codice
985 3205 1037 3302 (ο.
1059 3207 1127 3302 V.)

90 3309 228 3376 aiterum
250 3308 302 3400 (c.
326 3307 388 3400 V.)
412 3313 488 3376 otiis
510 3312 553 3378 de
575 3313 684 3378 causis
705 3318 779 3378 erat
798 3310 1033 3396 corrigendum.

118 3410 158 3474 in
181 3412 251 3477 vita
273 3411 582 3478 Demosthenis
603 3431 631 3478 c.
648 3416 741 3476 XIII.
764 3409 857 3477 852.
880 3430 909 3476 a.
933 3413 1061 3478 verbis:
1083 3408 1127 3488 oh,-

72 3506 137 3574 ’νου
158 3513 218 3575 τοῦ
239 3515 344 3578 καλοῦ
365 3511 402 3578 δι’
427 3510 510 3578 αὐτὸ
533 3515 663 3600 αἱρετοῦ
684 3510 779 3587 ὄντος
799 3510 966 3576 sententio
986 3518 1065 3577 nota
1080 3531 1125 3581 ex

72 3610 239 3696 iiiosophiu
261 3615 364 3697 petita
386 3618 420 3678 et
442 3632 483 3678 ea
510 3612 553 3677 de
581 3630 682 3678 censa
708 3629 772 3676 nou
799 3609 953 3676 mutanda
979 3612 1127 3677 contine·

72 3730 97 3774 r.
142 3711 247 3795 Vuigo
271 3731 340 3778 cum
362 3713 505 3778 habeant
515 3707 617 3792 μόνον
631 3708 756 3796 Steph,
780 3711 893 3789 ceteri,
914 3711 1123 3794 yelutiJuut.

72 3810 128 3875 odi.
153 3809 190 3876 3.
214 3813 290 3877 Aid.
315 3811 403 3878 Crat.
428 3812 586 3897 praebent
606 3806 725 3898 μόνου,
746 3809 830 3897 quod
848 3810 1126 3898 Bryanus·voiuit

95 3910 254 3978 Reishius
281 3912 384 3978 dedit.
436 3912 475 3977 G.
504 3910 629 3978 xxiv.
659 3909 752 3977 85⁷.
780 3929 809 3977 a.
837 3912 870 3977 in
899 3910 1036 3977 verbis:
1072 3912 1125 3976 tsi

72 4005 236 4098 υφώνδου
256 4000 415 4096 ἄρχοντος
437 4013 545 4080 hiatus
566 3998 631 4083 uon
653 4011 800 4088 otendit,
843 4009 904 4076 sed
934 4009 968 4081 in
995 4008 1125 4078 nomine
