<?xml version="1.0" encoding="UTF-8"?>
<!DOCTYPE html PUBLIC "-//W3C//DTD XHTML 1.0 Transitional//EN"
    "http://www.w3.org/TR/xhtml1/DTD/xhtml1-transitional.dtd">
<html xmlns="http://www.w3.org/1999/xhtml" xml:lang="en" lang="en">
 <head>
  <title>
</title>
<meta http-equiv="Content-Type" content="text/html;charset=utf-8" />
  <meta name='ocr-system' content='tesseract 3.04.00' />
  <meta name='ocr-capabilities' content='ocr_page ocr_carea ocr_par ocr_line ocrx_word'/>
</head>
<body>
  <div class='ocr_page' id='page_1' title='image "./dehiatuinorator01bensgoog_0059.png"; bbox 0 0 2564 4508; ppageno 0'>
   <div class='ocr_carea' id='block_1_1' title="bbox 440 218 718 284">
    <p class='ocr_par' dir='ltr' id='par_1_1' title="bbox 440 218 718 284">
     <span class='ocr_line' id='line_1_1' title="bbox 440 218 718 284; baseline -0.011 -11"><span class='ocrx_word' id='word_1_1' title='bbox 440 218 718 284; x_wconf 75' lang='lat' dir='ltr'><strong>...or..</strong></span> 
     </span>
    </p>
   </div>
   <div class='ocr_carea' id='block_1_2' title="bbox 17 383 1236 4213">
    <p class='ocr_par' dir='ltr' id='par_1_2' title="bbox 53 383 1236 1591">
     <span class='ocr_line' id='line_1_2' title="bbox 55 383 1135 477; baseline -0.002 -19"><span class='ocrx_word' id='word_1_2' title='bbox 55 389 146 458; x_wconf 81' lang='lat' dir='ltr'><strong>tacite</strong></span> <span class='ocrx_word' id='word_1_3' title='bbox 167 387 342 477; x_wconf 78' lang='lat' dir='ltr'><strong>quidquam</strong></span> <span class='ocrx_word' id='word_1_4' title='bbox 363 402 441 454; x_wconf 81' lang='lat' dir='ltr'><strong>ease</strong></span> <span class='ocrx_word' id='word_1_5' title='bbox 462 386 670 475; x_wconf 78' lang='lat' dir='ltr'><strong>oppositnroe</strong></span> <span class='ocrx_word' id='word_1_6' title='bbox 691 387 740 464; x_wconf 87' lang='lat' dir='ltr'><strong>ei,</strong></span> <span class='ocrx_word' id='word_1_7' title='bbox 762 384 817 474; x_wconf 85' lang='lat' dir='ltr'><strong>qni</strong></span> <span class='ocrx_word' id='word_1_8' title='bbox 837 383 1056 466; x_wconf 79' lang='lat' dir='ltr'><strong>demonstret,</strong></span> <span class='ocrx_word' id='word_1_9' title='bbox 1076 406 1135 456; x_wconf 86' lang='lat' dir='ltr'><strong>eos</strong></span> 
     </span>
     <span class='ocr_line' id='line_1_3' title="bbox 55 485 1169 577; baseline -0.002 -21"><span class='ocrx_word' id='word_1_10' title='bbox 55 508 253 577; x_wconf 73' lang='lat' dir='ltr'><strong>mquaqoam</strong></span> <span class='ocrx_word' id='word_1_11' title='bbox 281 491 330 556; x_wconf 90' lang='lat' dir='ltr'><strong>rei</strong></span> <span class='ocrx_word' id='word_1_12' title='bbox 356 488 506 555; x_wconf 84' lang='lat' dir='ltr'><strong>militaris</strong></span> <span class='ocrx_word' id='word_1_13' title='bbox 532 508 592 555; x_wconf 84' lang='lat' dir='ltr'><strong>osu</strong></span> <span class='ocrx_word' id='word_1_14' title='bbox 619 487 889 555; x_wconf 77' lang='lat' dir='ltr'><strong>Lacedaemoniis</strong></span> <span class='ocrx_word' id='word_1_15' title='bbox 917 503 1055 573; x_wconf 83' lang='lat' dir='ltr'><strong>unquam</strong></span> <span class='ocrx_word' id='word_1_16' title='bbox 1084 489 1137 554; x_wconf 84' lang='lat' dir='ltr'><strong>in-</strong></span> <span class='ocrx_word' id='word_1_17' title='bbox 1167 485 1169 488; x_wconf 78' lang='grc'><strong>’</strong></span> 
     </span>
     <span class='ocr_line' id='line_1_4' title="bbox 53 586 1236 676; baseline -0.003 -18"><span class='ocrx_word' id='word_1_18' title='bbox 53 591 121 658; x_wconf 70' lang='lat' dir='ltr'><strong>ioue</strong></span> <span class='ocrx_word' id='word_1_19' title='bbox 145 590 343 658; x_wconf 65' lang='lat' dir='ltr'><strong>&#39;inferiorem</strong></span> <span class='ocrx_word' id='word_1_20' title='bbox 405 586 655 656; x_wconf 73' lang='lat' dir='ltr'><strong>obtrectatores</strong></span> <span class='ocrx_word' id='word_1_21' title='bbox 683 588 792 676; x_wconf 85' lang='lat' dir='ltr'><strong>potius</strong></span> <span class='ocrx_word' id='word_1_22' title='bbox 820 587 875 674; x_wconf 86' lang='lat' dir='ltr'><strong>qni</strong></span> <span class='ocrx_word' id='word_1_23' title='bbox 905 595 1013 654; x_wconf 91' lang='lat' dir='ltr'><strong>tamen</strong></span> <span class='ocrx_word' id='word_1_24' title='bbox 1043 589 1137 655; x_wconf 81' lang='lat' dir='ltr'><strong>simol</strong></span> <span class='ocrx_word' id='word_1_25' title='bbox 1233 616 1236 623; x_wconf 94' lang='lat'>·</span> 
     </span>
     <span class='ocr_line' id='line_1_5' title="bbox 55 678 1138 778; baseline -0.002 -19"><span class='ocrx_word' id='word_1_26' title='bbox 55 693 152 759; x_wconf 83' lang='lat' dir='ltr'><strong>etiam</strong></span> <span class='ocrx_word' id='word_1_27' title='bbox 172 691 242 758; x_wconf 77' lang='lat' dir='ltr'><strong>sint</strong></span> <span class='ocrx_word' id='word_1_28' title='bbox 261 678 481 758; x_wconf 78' lang='lat' dir='ltr'><strong>admiratores‘</strong></span> <span class='ocrx_word' id='word_1_29' title='bbox 498 696 533 757; x_wconf 92' lang='lat' dir='ltr'><strong>et</strong></span> <span class='ocrx_word' id='word_1_30' title='bbox 548 691 741 778; x_wconf 84' lang='lat' dir='ltr'><strong>imitatores,</strong></span> <span class='ocrx_word' id='word_1_31' title='bbox 761 688 963 771; x_wconf 82' lang='lat' dir='ltr'><strong>intelligendi</strong></span> <span class='ocrx_word' id='word_1_32' title='bbox 975 696 1052 755; x_wconf 87' lang='lat' dir='ltr'><strong>sont</strong></span> <span class='ocrx_word' id='word_1_33' title='bbox 1064 690 1138 757; x_wconf 90' lang='lat' dir='ltr'><strong>lso-</strong></span> 
     </span>
     <span class='ocr_line' id='line_1_6' title="bbox 55 791 1140 880; baseline 0.001 -21"><span class='ocrx_word' id='word_1_34' title='bbox 55 794 177 874; x_wconf 75' lang='lat' dir='ltr'><strong>cratia,</strong></span> <span class='ocrx_word' id='word_1_35' title='bbox 217 792 260 858; x_wconf 83' lang='lat' dir='ltr'><strong>(le</strong></span> <span class='ocrx_word' id='word_1_36' title='bbox 289 792 403 880; x_wconf 84' lang='lat' dir='ltr'><strong>quibos</strong></span> <span class='ocrx_word' id='word_1_37' title='bbox 431 791 494 858; x_wconf 87' lang='lat' dir='ltr'><strong>hac</strong></span> <span class='ocrx_word' id='word_1_38' title='bbox 521 792 555 858; x_wconf 87' lang='lat' dir='ltr'><strong>in</strong></span> <span class='ocrx_word' id='word_1_39' title='bbox 581 792 729 861; x_wconf 89' lang='lat' dir='ltr'><strong>oratione</strong></span> <span class='ocrx_word' id='word_1_40' title='bbox 750 791 884 877; x_wconf 83' lang='lat' dir='ltr'><strong>saepius</strong></span> <span class='ocrx_word' id='word_1_41' title='bbox 906 792 1025 858; x_wconf 91' lang='lat' dir='ltr'><strong>mentio</strong></span> <span class='ocrx_word' id='word_1_42' title='bbox 1046 791 1083 857; x_wconf 87' lang='lat' dir='ltr'><strong>iit</strong></span> <span class='ocrx_word' id='word_1_43' title='bbox 1104 801 1140 860; x_wconf 88' lang='lat' dir='ltr'><strong>et</strong></span> 
     </span>
     <span class='ocr_line' id='line_1_7' title="bbox 55 891 1140 982; baseline 0.002 -23"><span class='ocrx_word' id='word_1_44' title='bbox 55 893 201 980; x_wconf 80' lang='lat' dir='ltr'><strong>inprimis</strong></span> <span class='ocrx_word' id='word_1_45' title='bbox 228 912 261 980; x_wconf 83' lang='lat' dir='ltr'><strong>p.</strong></span> <span class='ocrx_word' id='word_1_46' title='bbox 284 891 374 959; x_wconf 73' lang='lat' dir='ltr'><strong>too.</strong></span> <span class='ocrx_word' id='word_1_47' title='bbox 401 893 454 960; x_wconf 86' lang='lat' dir='ltr'><strong>ubi</strong></span> <span class='ocrx_word' id='word_1_48' title='bbox 481 893 558 980; x_wconf 82' lang='lat' dir='ltr'><strong>quid</strong></span> <span class='ocrx_word' id='word_1_49' title='bbox 586 894 766 982; x_wconf 85' lang='lat' dir='ltr'><strong>opposituri</strong></span> <span class='ocrx_word' id='word_1_50' title='bbox 792 892 860 958; x_wconf 87' lang='lat' dir='ltr'><strong>sint</strong></span> <span class='ocrx_word' id='word_1_51' title='bbox 886 895 989 959; x_wconf 80' lang='lat' dir='ltr'><strong>affert.</strong></span> <span class='ocrx_word' id='word_1_52' title='bbox 1032 895 1140 968; x_wconf 84' lang='lat' dir='ltr'><strong>Recte</strong></span> 
     </span>
     <span class='ocr_line' id='line_1_8' title="bbox 53 990 1139 1082; baseline -0.001 -21"><span class='ocrx_word' id='word_1_53' title='bbox 53 996 151 1082; x_wconf 75' lang='lat' dir='ltr'><strong>igitur</strong></span> <span class='ocrx_word' id='word_1_54' title='bbox 170 994 277 1063; x_wconf 81' lang='lat' dir='ltr'><strong>verba</strong></span> <span class='ocrx_word' id='word_1_55' title='bbox 296 990 340 1060; x_wconf 79' lang='grc' dir='ltr'><strong>τὰ</strong></span> <span class='ocrx_word' id='word_1_56' title='bbox 359 991 495 1080; x_wconf 76' lang='grc' dir='ltr'><strong><em>ἡμέτερα</em></strong></span> <span class='ocrx_word' id='word_1_57' title='bbox 515 995 613 1081; x_wconf 82' lang='lat' dir='ltr'><strong>volgo</strong></span> <span class='ocrx_word' id='word_1_58' title='bbox 634 997 768 1073; x_wconf 86' lang='lat' dir='ltr'><strong>absunt,</strong></span> <span class='ocrx_word' id='word_1_59' title='bbox 787 1012 922 1080; x_wconf 83' lang='lat' dir='ltr'><strong>quorum</strong></span> <span class='ocrx_word' id='word_1_60' title='bbox 949 992 1037 1073; x_wconf 87' lang='lat' dir='ltr'><strong>loco,</strong></span> <span class='ocrx_word' id='word_1_61' title='bbox 1068 1013 1139 1060; x_wconf 90' lang='lat' dir='ltr'><strong>cum</strong></span> 
     </span>
     <span class='ocr_line' id='line_1_9' title="bbox 54 1083 1138 1181; baseline -0.004 -17"><span class='ocrx_word' id='word_1_62' title='bbox 54 1116 136 1164; x_wconf 78' lang='lat' dir='ltr'><strong>sano</strong></span> <span class='ocrx_word' id='word_1_63' title='bbox 155 1095 316 1181; x_wconf 80' lang='lat' dir='ltr'><strong>objectum</strong></span> <span class='ocrx_word' id='word_1_64' title='bbox 337 1094 381 1162; x_wconf 85' lang='lat' dir='ltr'><strong>ad</strong></span> <span class='ocrx_word' id='word_1_65' title='bbox 403 1083 640 1178; x_wconf 73' lang='grc' dir='ltr'><strong><em>θαυμάζοντας</em></strong></span> <span class='ocrx_word' id='word_1_66' title='bbox 659 1119 689 1162; x_wconf 85' lang='grc' dir='ltr'><strong>κ.</strong></span> <span class='ocrx_word' id='word_1_67' title='bbox 709 1120 737 1160; x_wconf 85' lang='grc' dir='ltr'><strong>τ.</strong></span> <span class='ocrx_word' id='word_1_68' title='bbox 760 1097 787 1160; x_wconf 80' lang='grc' dir='ltr'><strong><em>λ</em></strong></span> <span class='ocrx_word' id='word_1_69' title='bbox 809 1094 908 1171; x_wconf 84' lang='lat' dir='ltr'><strong>desit,</strong></span> <span class='ocrx_word' id='word_1_70' title='bbox 929 1090 1019 1174; x_wconf 77' lang='grc' dir='ltr'><strong>τάμά</strong></span> <span class='ocrx_word' id='word_1_71' title='bbox 1038 1118 1074 1159; x_wconf 80' lang='grc' dir='ltr'><strong>τε</strong></span> <span class='ocrx_word' id='word_1_72' title='bbox 1095 1114 1138 1160; x_wconf 85' lang='lat' dir='ltr'><strong>ex</strong></span> 
     </span>
     <span class='ocr_line' id='line_1_10' title="bbox 54 1193 1139 1283; baseline -0.001 -18"><span class='ocrx_word' id='word_1_73' title='bbox 54 1196 188 1283; x_wconf 81' lang='lat' dir='ltr'><strong>volgato</strong></span> <span class='ocrx_word' id='word_1_74' title='bbox 221 1193 295 1279; x_wconf 80' lang='grc' dir='ltr'><strong>ἅμα</strong></span> <span class='ocrx_word' id='word_1_75' title='bbox 323 1220 358 1261; x_wconf 78' lang='grc' dir='ltr'><strong>τε</strong></span> <span class='ocrx_word' id='word_1_76' title='bbox 384 1194 566 1263; x_wconf 84' lang='lat' dir='ltr'><strong>laciendum</strong></span> <span class='ocrx_word' id='word_1_77' title='bbox 595 1215 671 1263; x_wconf 81' lang='lat' dir='ltr'><strong>esse</strong></span> <span class='ocrx_word' id='word_1_78' title='bbox 694 1197 762 1280; x_wconf 76' lang='lat' dir='ltr'><strong>Jam</strong></span> <span class='ocrx_word' id='word_1_79' title='bbox 791 1193 916 1279; x_wconf 74' lang='lat' dir='ltr'><strong>conJ&#39;eci</strong></span> <span class='ocrx_word' id='word_1_80' title='bbox 944 1193 986 1260; x_wconf 86' lang='lat' dir='ltr'><strong>ad</strong></span> <span class='ocrx_word' id='word_1_81' title='bbox 1016 1195 1139 1282; x_wconf 84' lang='lat' dir='ltr'><strong>Areop.</strong></span> 
     </span>
     <span class='ocr_line' id='line_1_11' title="bbox 54 1293 1140 1385; baseline -0.001 -20"><span class='ocrx_word' id='word_1_82' title='bbox 54 1296 149 1365; x_wconf 86' lang='grc'><strong>414.</strong></span> <span class='ocrx_word' id='word_1_83' title='bbox 169 1297 280 1385; x_wconf 84' lang='lat' dir='ltr'><strong>ibique</strong></span> <span class='ocrx_word' id='word_1_84' title='bbox 300 1296 417 1363; x_wconf 83' lang='lat' dir='ltr'><strong>similia</strong></span> <span class='ocrx_word' id='word_1_85' title='bbox 437 1316 482 1364; x_wconf 89' lang='lat' dir='ltr'><strong>ex</strong></span> <span class='ocrx_word' id='word_1_86' title='bbox 502 1294 587 1364; x_wconf 83' lang='lat' dir='ltr'><strong>Phil.</strong></span> <span class='ocrx_word' id='word_1_87' title='bbox 611 1295 698 1362; x_wconf 84' lang='lat'><strong>101.</strong></span> <span class='ocrx_word' id='word_1_88' title='bbox 719 1295 751 1363; x_wconf 75' lang='lat' dir='ltr'><strong>lt.</strong></span> <span class='ocrx_word' id='word_1_89' title='bbox 774 1303 808 1363; x_wconf 90' lang='lat' dir='ltr'><strong>et</strong></span> <span class='ocrx_word' id='word_1_90' title='bbox 828 1296 953 1380; x_wconf 84' lang='lat' dir='ltr'><strong>Paneg.</strong></span> <span class='ocrx_word' id='word_1_91' title='bbox 974 1293 1038 1360; x_wconf 81' lang='grc'><strong>43.</strong></span> <span class='ocrx_word' id='word_1_92' title='bbox 1059 1315 1140 1364; x_wconf 89' lang='lat' dir='ltr'><strong>con·</strong></span> 
     </span>
     <span class='ocr_line' id='line_1_12' title="bbox 56 1394 1140 1485; baseline -0.004 -17"><span class='ocrx_word' id='word_1_93' title='bbox 56 1400 133 1468; x_wconf 84' lang='lat' dir='ltr'><strong>ierri</strong></span> <span class='ocrx_word' id='word_1_94' title='bbox 150 1400 250 1483; x_wconf 89' lang='lat' dir='ltr'><strong>jussi.</strong></span> <span class='ocrx_word' id='word_1_95' title='bbox 299 1399 382 1464; x_wconf 82' lang='lat' dir='ltr'><strong>Loci</strong></span> <span class='ocrx_word' id='word_1_96' title='bbox 402 1397 569 1464; x_wconf 74' lang='lat' dir='ltr'><strong>sentemia</strong></span> <span class='ocrx_word' id='word_1_97' title='bbox 589 1400 669 1466; x_wconf 79' lang='lat' dir='ltr'><strong>crit:</strong></span> <span class='ocrx_word' id='word_1_98' title='bbox 712 1399 766 1485; x_wconf 88' lang='lat' dir='ltr'><strong>qui</strong></span> <span class='ocrx_word' id='word_1_99' title='bbox 793 1417 866 1464; x_wconf 88' lang='lat' dir='ltr'><strong>mea</strong></span> <span class='ocrx_word' id='word_1_100' title='bbox 887 1403 922 1463; x_wconf 89' lang='lat' dir='ltr'><strong>et</strong></span> <span class='ocrx_word' id='word_1_101' title='bbox 943 1394 1140 1463; x_wconf 81' lang='lat' dir='ltr'><strong>admirantur</strong></span> 
     </span>
     <span class='ocr_line' id='line_1_13' title="bbox 56 1499 960 1591; baseline -0.004 -24"><span class='ocrx_word' id='word_1_102' title='bbox 56 1500 176 1581; x_wconf 71' lang='lat' dir='ltr'><strong>(dam)</strong></span> <span class='ocrx_word' id='word_1_103' title='bbox 199 1505 235 1565; x_wconf 93' lang='lat' dir='ltr'><strong>et</strong></span> <span class='ocrx_word' id='word_1_104' title='bbox 255 1499 439 1591; x_wconf 79' lang='lat' dir='ltr'><strong>obtrectant</strong></span> <span class='ocrx_word' id='word_1_105' title='bbox 458 1499 600 1586; x_wconf 81' lang='lat' dir='ltr'><strong>(palam)</strong></span> <span class='ocrx_word' id='word_1_106' title='bbox 623 1507 658 1566; x_wconf 91' lang='lat' dir='ltr'><strong>et</strong></span> <span class='ocrx_word' id='word_1_107' title='bbox 678 1499 797 1564; x_wconf 87' lang='lat' dir='ltr'><strong>imitari</strong></span> <span class='ocrx_word' id='word_1_108' title='bbox 819 1500 960 1586; x_wconf 78' lang='lat' dir='ltr'><strong>cupiunt.</strong></span> 
     </span>
    </p>

    <p class='ocr_par' dir='ltr' id='par_1_3' title="bbox 17 1588 1189 4229">
     <span class='ocr_line' id='line_1_14' title="bbox 141 1588 1189 1687; baseline -0.002 -21"><span class='ocrx_word' id='word_1_109' title='bbox 141 1599 238 1666; x_wconf 79' lang='lat' dir='ltr'><strong>Ferri</strong></span> <span class='ocrx_word' id='word_1_110' title='bbox 258 1617 323 1666; x_wconf 89' lang='lat' dir='ltr'><strong>non</strong></span> <span class='ocrx_word' id='word_1_111' title='bbox 344 1619 444 1687; x_wconf 82' lang='lat' dir='ltr'><strong>posse</strong></span> <span class='ocrx_word' id='word_1_112' title='bbox 464 1603 640 1685; x_wconf 76' lang='grc' dir='ltr'><strong><em>παρῥησία,</em></strong></span> <span class='ocrx_word' id='word_1_113' title='bbox 662 1620 706 1666; x_wconf 85' lang='lat' dir='ltr'><strong>ex</strong></span> <span class='ocrx_word' id='word_1_114' title='bbox 726 1619 789 1687; x_wconf 88' lang='lat' dir='ltr'><strong>quo</strong></span> <span class='ocrx_word' id='word_1_115' title='bbox 810 1600 864 1665; x_wconf 86' lang='lat' dir='ltr'><strong>alii</strong></span> <span class='ocrx_word' id='word_1_116' title='bbox 885 1600 1033 1666; x_wconf 82' lang='lat' dir='ltr'><strong>lecerunt</strong></span> <span class='ocrx_word' id='word_1_117' title='bbox 1053 1603 1141 1685; x_wconf 78' lang='grc' dir='ltr'><strong><em>παῤ-</em></strong></span> <span class='ocrx_word' id='word_1_118' title='bbox 1180 1588 1189 1603; x_wconf 87' lang='grc'><strong>”</strong></span> 
     </span>
     <span class='ocr_line' id='line_1_15' title="bbox 56 1697 1142 1784; baseline 0.001 -17"><span class='ocrx_word' id='word_1_119' title='bbox 56 1703 155 1784; x_wconf 55' lang='lat' dir='ltr'><strong>caolet</strong></span> <span class='ocrx_word' id='word_1_120' title='bbox 174 1701 209 1766; x_wconf 89' lang='lat' dir='ltr'><strong>in</strong></span> <span class='ocrx_word' id='word_1_121' title='bbox 229 1701 343 1768; x_wconf 80' lang='lat' dir='ltr'><strong>verbis</strong></span> <span class='ocrx_word' id='word_1_122' title='bbox 365 1699 463 1784; x_wconf 67' lang='lat'><strong>234,</strong></span> <span class='ocrx_word' id='word_1_123' title='bbox 482 1697 520 1768; x_wconf 84' lang='grc'><strong>9.</strong></span> <span class='ocrx_word' id='word_1_124' title='bbox 542 1704 640 1766; x_wconf 69' lang='grc' dir='ltr'><strong><em>εἰπεῖν</em></strong></span> <span class='ocrx_word' id='word_1_125' title='bbox 661 1702 694 1766; x_wconf 76' lang='grc' dir='ltr'><strong>δὲ</strong></span> <span class='ocrx_word' id='word_1_126' title='bbox 714 1703 785 1784; x_wconf 78' lang='grc' dir='ltr'><strong>περὶ</strong></span> <span class='ocrx_word' id='word_1_127' title='bbox 805 1703 870 1766; x_wconf 77' lang='grc' dir='ltr'><strong>τῶν</strong></span> <span class='ocrx_word' id='word_1_128' title='bbox 890 1698 998 1766; x_wconf 79' lang='grc' dir='ltr'><strong><em>αὐτῶν</em></strong></span> <span class='ocrx_word' id='word_1_129' title='bbox 1019 1698 1142 1768; x_wconf 71' lang='grc' dir='ltr'><strong><em>τούτων</em></strong></span> 
     </span>
     <span class='ocr_line' id='line_1_16' title="bbox 57 1797 1143 1888; baseline -0.001 -20"><span class='ocrx_word' id='word_1_130' title='bbox 57 1806 91 1868; x_wconf 75' lang='lat' dir='ltr'><strong>lv</strong></span> <span class='ocrx_word' id='word_1_131' title='bbox 101 1797 252 1886; x_wconf 78' lang='grc' dir='ltr'><strong><em>συλλόγῳ</em></strong></span> <span class='ocrx_word' id='word_1_132' title='bbox 265 1803 392 1869; x_wconf 74' lang='grc' dir='ltr'><strong><em>πολλόν</em></strong></span> <span class='ocrx_word' id='word_1_133' title='bbox 404 1805 602 1887; x_wconf 76' lang='grc' dir='ltr'><strong><em>[παρῥησία]</em></strong></span> <span class='ocrx_word' id='word_1_134' title='bbox 617 1798 804 1888; x_wconf 74' lang='grc' dir='ltr'><strong>ἀνθρώπων</strong></span> <span class='ocrx_word' id='word_1_135' title='bbox 818 1801 900 1868; x_wconf 86' lang='lat' dir='ltr'><strong>vidit</strong></span> <span class='ocrx_word' id='word_1_136' title='bbox 913 1802 1034 1887; x_wconf 86' lang='lat' dir='ltr'><strong>primus</strong></span> <span class='ocrx_word' id='word_1_137' title='bbox 1049 1802 1143 1869; x_wconf 90' lang='lat' dir='ltr'><strong>Hier.</strong></span> 
     </span>
     <span class='ocr_line' id='line_1_17' title="bbox 58 1901 1144 1991; baseline 0.001 -22"><span class='ocrx_word' id='word_1_138' title='bbox 58 1901 213 1988; x_wconf 75' lang='lat' dir='ltr'><strong>Wolim,</strong></span> <span class='ocrx_word' id='word_1_139' title='bbox 233 1903 431 1991; x_wconf 82' lang='lat' dir='ltr'><strong>qnirejecit3</strong></span> <span class='ocrx_word' id='word_1_140' title='bbox 451 1922 546 1991; x_wconf 84' lang='lat' dir='ltr'><strong>quem</strong></span> <span class='ocrx_word' id='word_1_141' title='bbox 568 1904 674 1970; x_wconf 85' lang='lat' dir='ltr'><strong>secuti</strong></span> <span class='ocrx_word' id='word_1_142' title='bbox 695 1911 772 1969; x_wconf 87' lang='lat' dir='ltr'><strong>sont</strong></span> <span class='ocrx_word' id='word_1_143' title='bbox 793 1902 882 1968; x_wconf 85' lang='lat' dir='ltr'><strong>Batt.</strong></span> <span class='ocrx_word' id='word_1_144' title='bbox 900 1904 1004 1987; x_wconf 85' lang='lat' dir='ltr'><strong>Lang.</strong></span> <span class='ocrx_word' id='word_1_145' title='bbox 1026 1909 1061 1969; x_wconf 89' lang='lat' dir='ltr'><strong>et</strong></span> <span class='ocrx_word' id='word_1_146' title='bbox 1082 1923 1144 1970; x_wconf 89' lang='lat' dir='ltr'><strong>nu-</strong></span> 
     </span>
     <span class='ocr_line' id='line_1_18' title="bbox 58 2002 1145 2094; baseline 0 -25"><span class='ocrx_word' id='word_1_147' title='bbox 58 2022 118 2091; x_wconf 79' lang='lat' dir='ltr'><strong>per</strong></span> <span class='ocrx_word' id='word_1_148' title='bbox 143 2002 241 2069; x_wconf 78' lang='lat' dir='ltr'><strong>simul</strong></span> <span class='ocrx_word' id='word_1_149' title='bbox 270 2003 419 2071; x_wconf 82' lang='lat' dir='ltr'><strong>Ambros.</strong></span> <span class='ocrx_word' id='word_1_150' title='bbox 445 2003 594 2071; x_wconf 88' lang='lat' dir='ltr'><strong>auctorit.</strong></span> <span class='ocrx_word' id='word_1_151' title='bbox 623 2004 690 2069; x_wconf 88' lang='lat' dir='ltr'><strong>nixi</strong></span> <span class='ocrx_word' id='word_1_152' title='bbox 718 2004 805 2071; x_wconf 85' lang='lat' dir='ltr'><strong>Bait.</strong></span> <span class='ocrx_word' id='word_1_153' title='bbox 833 2010 870 2071; x_wconf 88' lang='lat' dir='ltr'><strong>et</strong></span> <span class='ocrx_word' id='word_1_154' title='bbox 896 2002 1021 2090; x_wconf 83' lang='lat' dir='ltr'><strong>Saupp.</strong></span> <span class='ocrx_word' id='word_1_155' title='bbox 1065 2005 1145 2094; x_wconf 84' lang='lat' dir='ltr'><strong>Alii,</strong></span> 
     </span>
     <span class='ocr_line' id='line_1_19' title="bbox 60 2101 1145 2193; baseline 0 -21"><span class='ocrx_word' id='word_1_156' title='bbox 60 2101 131 2172; x_wconf 77' lang='lat' dir='ltr'><strong>dico</strong></span> <span class='ocrx_word' id='word_1_157' title='bbox 151 2103 278 2192; x_wconf 81' lang='lat' dir='ltr'><strong>Anger.</strong></span> <span class='ocrx_word' id='word_1_158' title='bbox 302 2109 337 2170; x_wconf 88' lang='lat' dir='ltr'><strong>et</strong></span> <span class='ocrx_word' id='word_1_159' title='bbox 358 2103 446 2193; x_wconf 80' lang='lat' dir='ltr'><strong>Gor,</strong></span> <span class='ocrx_word' id='word_1_160' title='bbox 467 2111 543 2192; x_wconf 86' lang='lat' dir='ltr'><strong>post</strong></span> <span class='ocrx_word' id='word_1_161' title='bbox 563 2109 662 2170; x_wconf 72' lang='lat' dir='ltr'><strong>alneto</strong></span> <span class='ocrx_word' id='word_1_162' title='bbox 682 2104 717 2172; x_wconf 75' lang='lat' dir='ltr'><strong>el</strong></span> <span class='ocrx_word' id='word_1_163' title='bbox 737 2106 996 2193; x_wconf 81' lang='lat' dir='ltr'><strong>collocaverunt,</strong></span> <span class='ocrx_word' id='word_1_164' title='bbox 1023 2105 1078 2170; x_wconf 84' lang='lat' dir='ltr'><strong>alii</strong></span> <span class='ocrx_word' id='word_1_165' title='bbox 1099 2107 1145 2172; x_wconf 91' lang='lat' dir='ltr'><strong>oti</strong></span> 
     </span>
     <span class='ocr_line' id='line_1_20' title="bbox 60 2203 1170 2299; baseline 0.002 -27"><span class='ocrx_word' id='word_1_166' title='bbox 60 2203 167 2272; x_wconf 81' lang='lat' dir='ltr'><strong>llelrlr.</strong></span> <span class='ocrx_word' id='word_1_167' title='bbox 180 2212 216 2270; x_wconf 89' lang='lat' dir='ltr'><strong>et</strong></span> <span class='ocrx_word' id='word_1_168' title='bbox 229 2203 379 2272; x_wconf 77' lang='lat' dir='ltr'><strong>Dinolorl.</strong></span> <span class='ocrx_word' id='word_1_169' title='bbox 401 2207 493 2273; x_wconf 88' lang='lat' dir='ltr'><strong>uncis</strong></span> <span class='ocrx_word' id='word_1_170' title='bbox 512 2206 723 2272; x_wconf 83' lang='lat' dir='ltr'><strong>incluserunt</strong></span> <span class='ocrx_word' id='word_1_171' title='bbox 766 2206 812 2272; x_wconf 81' lang='lat' dir='ltr'><strong>At</strong></span> <span class='ocrx_word' id='word_1_172' title='bbox 833 2225 898 2272; x_wconf 90' lang='lat' dir='ltr'><strong>non</strong></span> <span class='ocrx_word' id='word_1_173' title='bbox 920 2224 961 2271; x_wconf 88' lang='lat' dir='ltr'><strong>ea</strong></span> <span class='ocrx_word' id='word_1_174' title='bbox 977 2204 1144 2288; x_wconf 78' lang='lat' dir='ltr'><strong>decanea,</strong></span> <span class='ocrx_word' id='word_1_175' title='bbox 1160 2282 1170 2299; x_wconf 64' lang='lat'><strong>.</strong></span> 
     </span>
     <span class='ocr_line' id='line_1_21' title="bbox 61 2306 1145 2395; baseline 0.003 -23"><span class='ocrx_word' id='word_1_176' title='bbox 61 2308 135 2394; x_wconf 78' lang='lat' dir='ltr'><strong>qnia</strong></span> <span class='ocrx_word' id='word_1_177' title='bbox 154 2307 258 2373; x_wconf 83' lang='lat' dir='ltr'><strong>libere</strong></span> <span class='ocrx_word' id='word_1_178' title='bbox 279 2306 366 2394; x_wconf 89' lang='lat' dir='ltr'><strong>loqui</strong></span> <span class='ocrx_word' id='word_1_179' title='bbox 386 2324 451 2375; x_wconf 92' lang='lat' dir='ltr'><strong>non</strong></span> <span class='ocrx_word' id='word_1_180' title='bbox 473 2314 613 2395; x_wconf 84' lang='lat' dir='ltr'><strong>poterat,</strong></span> <span class='ocrx_word' id='word_1_181' title='bbox 635 2307 696 2374; x_wconf 84' lang='lat' dir='ltr'><strong>sed</strong></span> <span class='ocrx_word' id='word_1_182' title='bbox 718 2307 792 2395; x_wconf 85' lang='lat' dir='ltr'><strong>quia</strong></span> <span class='ocrx_word' id='word_1_183' title='bbox 812 2307 931 2374; x_wconf 84' lang='lat' dir='ltr'><strong>idonea</strong></span> <span class='ocrx_word' id='word_1_184' title='bbox 952 2327 1017 2374; x_wconf 88' lang='lat' dir='ltr'><strong>vox</strong></span> <span class='ocrx_word' id='word_1_185' title='bbox 1037 2314 1072 2373; x_wconf 91' lang='lat' dir='ltr'><strong>et</strong></span> <span class='ocrx_word' id='word_1_186' title='bbox 1083 2328 1145 2375; x_wconf 86' lang='lat' dir='ltr'><strong>au·</strong></span> 
     </span>
     <span class='ocr_line' id='line_1_22' title="bbox 62 2407 1146 2488; baseline -0.001 -12"><span class='ocrx_word' id='word_1_187' title='bbox 62 2407 188 2476; x_wconf 69' lang='lat' dir='ltr'><strong>motas</strong></span> <span class='ocrx_word' id='word_1_188' title='bbox 209 2408 344 2488; x_wconf 87' lang='lat' dir='ltr'><strong>deerat,</strong></span> <span class='ocrx_word' id='word_1_189' title='bbox 371 2409 405 2474; x_wconf 89' lang='lat' dir='ltr'><strong>in</strong></span> <span class='ocrx_word' id='word_1_190' title='bbox 433 2414 597 2479; x_wconf 84' lang='lat' dir='ltr'><strong>convento</strong></span> <span class='ocrx_word' id='word_1_191' title='bbox 625 2408 794 2475; x_wconf 89' lang='lat' dir='ltr'><strong>multorum</strong></span> <span class='ocrx_word' id='word_1_192' title='bbox 827 2408 989 2475; x_wconf 87' lang='lat' dir='ltr'><strong>hominum</strong></span> <span class='ocrx_word' id='word_1_193' title='bbox 1011 2407 1146 2475; x_wconf 86' lang='lat' dir='ltr'><strong>Isocra-</strong></span> 
     </span>
     <span class='ocr_line' id='line_1_23' title="bbox 17 2500 1145 2599; baseline 0.001 -23"><span class='ocrx_word' id='word_1_194' title='bbox 17 2500 21 2515; x_wconf 89' lang='lat'>&#39;</span> <span class='ocrx_word' id='word_1_195' title='bbox 62 2514 114 2576; x_wconf 80' lang='lat' dir='ltr'><strong>teo</strong></span> <span class='ocrx_word' id='word_1_196' title='bbox 140 2527 207 2575; x_wconf 91' lang='lat' dir='ltr'><strong>non</strong></span> <span class='ocrx_word' id='word_1_197' title='bbox 234 2508 427 2596; x_wconf 87' lang='lat' dir='ltr'><strong>loquebator</strong></span> <span class='ocrx_word' id='word_1_198' title='bbox 452 2529 486 2577; x_wconf 91' lang='lat' dir='ltr'><strong>v.</strong></span> <span class='ocrx_word' id='word_1_199' title='bbox 517 2507 552 2599; x_wconf 75' lang='lat' dir='ltr'><strong>S.</strong></span> <span class='ocrx_word' id='word_1_200' title='bbox 582 2509 643 2578; x_wconf 79' lang='lat'><strong>1⁰.</strong></span> <span class='ocrx_word' id='word_1_201' title='bbox 686 2510 768 2577; x_wconf 86' lang='lat' dir='ltr'><strong>Inde</strong></span> <span class='ocrx_word' id='word_1_202' title='bbox 797 2529 861 2577; x_wconf 90' lang='lat' dir='ltr'><strong>noo</strong></span> <span class='ocrx_word' id='word_1_203' title='bbox 888 2516 954 2576; x_wconf 86' lang='lat' dir='ltr'><strong>tam</strong></span> <span class='ocrx_word' id='word_1_204' title='bbox 984 2511 1014 2575; x_wconf 90' lang='lat' dir='ltr'><strong>si</strong></span> <span class='ocrx_word' id='word_1_205' title='bbox 1042 2511 1145 2577; x_wconf 88' lang='lat' dir='ltr'><strong>libere</strong></span> 
     </span>
     <span class='ocr_line' id='line_1_24' title="bbox 62 2607 1148 2697; baseline 0.003 -23"><span class='ocrx_word' id='word_1_206' title='bbox 62 2607 255 2696; x_wconf 80' lang='lat' dir='ltr'><strong>loquendum</strong></span> <span class='ocrx_word' id='word_1_207' title='bbox 275 2616 347 2677; x_wconf 86' lang='lat' dir='ltr'><strong>erat</strong></span> <span class='ocrx_word' id='word_1_208' title='bbox 368 2629 462 2697; x_wconf 86' lang='lat' dir='ltr'><strong>quam</strong></span> <span class='ocrx_word' id='word_1_209' title='bbox 482 2630 578 2697; x_wconf 84' lang='lat' dir='ltr'><strong>quum</strong></span> <span class='ocrx_word' id='word_1_210' title='bbox 599 2630 708 2678; x_wconf 87' lang='lat' dir='ltr'><strong>coram</strong></span> <span class='ocrx_word' id='word_1_211' title='bbox 728 2610 838 2677; x_wconf 89' lang='lat' dir='ltr'><strong>multis</strong></span> <span class='ocrx_word' id='word_1_212' title='bbox 859 2611 1040 2677; x_wconf 86' lang='lat' dir='ltr'><strong>hominibus</strong></span> <span class='ocrx_word' id='word_1_213' title='bbox 1070 2630 1148 2677; x_wconf 87' lang='lat' dir='ltr'><strong>ora-</strong></span> 
     </span>
     <span class='ocr_line' id='line_1_25' title="bbox 65 2708 1145 2799; baseline 0.001 -22"><span class='ocrx_word' id='word_1_214' title='bbox 65 2708 108 2777; x_wconf 90' lang='lat' dir='ltr'><strong>tio</strong></span> <span class='ocrx_word' id='word_1_215' title='bbox 135 2716 211 2778; x_wconf 83' lang='lat' dir='ltr'><strong>erat</strong></span> <span class='ocrx_word' id='word_1_216' title='bbox 238 2710 407 2799; x_wconf 81' lang='lat' dir='ltr'><strong>habenda,</strong></span> <span class='ocrx_word' id='word_1_217' title='bbox 450 2711 630 2779; x_wconf 89' lang='lat' dir='ltr'><strong>Isocratem</strong></span> <span class='ocrx_word' id='word_1_218' title='bbox 657 2732 724 2779; x_wconf 88' lang='lat' dir='ltr'><strong>vox</strong></span> <span class='ocrx_word' id='word_1_219' title='bbox 752 2719 788 2780; x_wconf 87' lang='lat' dir='ltr'><strong>et</strong></span> <span class='ocrx_word' id='word_1_220' title='bbox 815 2713 940 2778; x_wconf 88' lang='lat' dir='ltr'><strong>animos</strong></span> <span class='ocrx_word' id='word_1_221' title='bbox 962 2711 1145 2778; x_wconf 82' lang='lat' dir='ltr'><strong>deficiebat.</strong></span> 
     </span>
     <span class='ocr_line' id='line_1_26' title="bbox 65 2810 1146 2901; baseline 0.002 -24"><span class='ocrx_word' id='word_1_222' title='bbox 65 2811 147 2877; x_wconf 78' lang='lat' dir='ltr'><strong>llam</strong></span> <span class='ocrx_word' id='word_1_223' title='bbox 166 2830 209 2879; x_wconf 79' lang='lat' dir='ltr'><strong>ae</strong></span> <span class='ocrx_word' id='word_1_224' title='bbox 229 2810 333 2879; x_wconf 86' lang='lat' dir='ltr'><strong>libere</strong></span> <span class='ocrx_word' id='word_1_225' title='bbox 352 2811 439 2900; x_wconf 85' lang='lat' dir='ltr'><strong>loqui</strong></span> <span class='ocrx_word' id='word_1_226' title='bbox 467 2812 576 2881; x_wconf 88' lang='lat' dir='ltr'><strong>solere</strong></span> <span class='ocrx_word' id='word_1_227' title='bbox 602 2814 678 2901; x_wconf 81' lang='lat' dir='ltr'><strong>ipse</strong></span> <span class='ocrx_word' id='word_1_228' title='bbox 707 2820 760 2880; x_wconf 86' lang='lat' dir='ltr'><strong>est</strong></span> <span class='ocrx_word' id='word_1_229' title='bbox 787 2813 958 2901; x_wconf 81' lang='lat' dir='ltr'><strong>professus</strong></span> <span class='ocrx_word' id='word_1_230' title='bbox 988 2813 1031 2881; x_wconf 87' lang='lat' dir='ltr'><strong>ad</strong></span> <span class='ocrx_word' id='word_1_231' title='bbox 1059 2812 1146 2879; x_wconf 89' lang='lat' dir='ltr'><strong>Phil.</strong></span> 
     </span>
     <span class='ocr_line' id='line_1_27' title="bbox 66 2907 1147 3001; baseline -0.001 -21"><span class='ocrx_word' id='word_1_232' title='bbox 66 2907 125 2994; x_wconf 76' lang='grc'><strong>96,</strong></span> <span class='ocrx_word' id='word_1_233' title='bbox 145 2909 200 2981; x_wconf 67' lang='lat'><strong>⁷2</strong></span> <span class='ocrx_word' id='word_1_234' title='bbox 222 2914 388 2981; x_wconf 70' lang='lat' dir='ltr'><strong>scribens:</strong></span> <span class='ocrx_word' id='word_1_235' title='bbox 409 2917 485 2996; x_wconf 80' lang='grc' dir='ltr'><strong><em>λμοί</em></strong></span> <span class='ocrx_word' id='word_1_236' title='bbox 502 2936 536 2980; x_wconf 79' lang='grc' dir='ltr'><strong>το</strong></span> <span class='ocrx_word' id='word_1_237' title='bbox 556 2912 727 3000; x_wconf 72' lang='grc' dir='ltr'><strong><em>προσήκειν</em></strong></span> <span class='ocrx_word' id='word_1_238' title='bbox 746 2914 829 2998; x_wconf 76' lang='grc' dir='ltr'><strong>μετὰ</strong></span> <span class='ocrx_word' id='word_1_239' title='bbox 849 2918 1031 2999; x_wconf 79' lang='grc' dir='ltr'><strong><em>παῤῥησίας</em></strong></span> <span class='ocrx_word' id='word_1_240' title='bbox 1043 2911 1147 3001; x_wconf 81' lang='grc' dir='ltr'><strong><em>ὥσπερ</em></strong></span> 
     </span>
     <span class='ocr_line' id='line_1_28' title="bbox 66 3013 1148 3100; baseline 0.001 -19"><span class='ocrx_word' id='word_1_241' title='bbox 66 3016 235 3099; x_wconf 71' lang='grc' dir='ltr'><strong><em>ελλαμαι,</em></strong></span> <span class='ocrx_word' id='word_1_242' title='bbox 262 3014 435 3081; x_wconf 65' lang='grc' dir='ltr'><strong><em>ποιεῖσθαι</em></strong></span> <span class='ocrx_word' id='word_1_243' title='bbox 465 3013 542 3093; x_wconf 79' lang='grc' dir='ltr'><strong><em>τοὺς</em></strong></span> <span class='ocrx_word' id='word_1_244' title='bbox 560 3013 679 3100; x_wconf 81' lang='grc' dir='ltr'><strong><em>λόγους</em></strong></span> <span class='ocrx_word' id='word_1_245' title='bbox 699 3021 734 3082; x_wconf 88' lang='lat' dir='ltr'><strong>et</strong></span> <span class='ocrx_word' id='word_1_246' title='bbox 756 3035 876 3083; x_wconf 89' lang='lat' dir='ltr'><strong>revera</strong></span> <span class='ocrx_word' id='word_1_247' title='bbox 896 3017 999 3082; x_wconf 88' lang='lat' dir='ltr'><strong>libere</strong></span> <span class='ocrx_word' id='word_1_248' title='bbox 1021 3020 1075 3081; x_wconf 80' lang='lat' dir='ltr'><strong>est</strong></span> <span class='ocrx_word' id='word_1_249' title='bbox 1097 3015 1148 3082; x_wconf 88' lang='lat' dir='ltr'><strong>io-</strong></span> 
     </span>
     <span class='ocr_line' id='line_1_29' title="bbox 67 3115 1151 3202; baseline 0.001 -19"><span class='ocrx_word' id='word_1_250' title='bbox 67 3122 156 3183; x_wconf 79' lang='lat' dir='ltr'><strong>cntna</strong></span> <span class='ocrx_word' id='word_1_251' title='bbox 185 3122 222 3183; x_wconf 89' lang='lat' dir='ltr'><strong>et</strong></span> <span class='ocrx_word' id='word_1_252' title='bbox 246 3116 282 3182; x_wconf 92' lang='lat' dir='ltr'><strong>in</strong></span> <span class='ocrx_word' id='word_1_253' title='bbox 304 3115 535 3202; x_wconf 81' lang='lat' dir='ltr'><strong>Areopagitica</strong></span> <span class='ocrx_word' id='word_1_254' title='bbox 564 3124 598 3184; x_wconf 93' lang='lat' dir='ltr'><strong>et</strong></span> <span class='ocrx_word' id='word_1_255' title='bbox 624 3119 658 3183; x_wconf 90' lang='lat' dir='ltr'><strong>in</strong></span> <span class='ocrx_word' id='word_1_256' title='bbox 687 3122 770 3199; x_wconf 73' lang='lat' dir='ltr'><strong>orat.</strong></span> <span class='ocrx_word' id='word_1_257' title='bbox 798 3117 841 3184; x_wconf 89' lang='lat' dir='ltr'><strong>de</strong></span> <span class='ocrx_word' id='word_1_258' title='bbox 872 3118 968 3186; x_wconf 83' lang='lat' dir='ltr'><strong>Pace.</strong></span> <span class='ocrx_word' id='word_1_259' title='bbox 1011 3115 1151 3184; x_wconf 86' lang='lat' dir='ltr'><strong>Videtur</strong></span> 
     </span>
     <span class='ocr_line' id='line_1_30' title="bbox 69 3208 1149 3308; baseline -0.001 -25"><span class='ocrx_word' id='word_1_260' title='bbox 69 3215 163 3301; x_wconf 73' lang='lat' dir='ltr'><strong>igitur</strong></span> <span class='ocrx_word' id='word_1_261' title='bbox 189 3218 359 3300; x_wconf 76' lang='grc' dir='ltr'><strong><em>παῤῥησία</em></strong></span> <span class='ocrx_word' id='word_1_262' title='bbox 387 3215 459 3308; x_wconf 77' lang='lat' dir='ltr'><strong>(ita</strong></span> <span class='ocrx_word' id='word_1_263' title='bbox 484 3218 569 3284; x_wconf 88' lang='lat' dir='ltr'><strong>enim</strong></span> <span class='ocrx_word' id='word_1_264' title='bbox 595 3218 631 3283; x_wconf 91' lang='lat' dir='ltr'><strong>in</strong></span> <span class='ocrx_word' id='word_1_265' title='bbox 652 3216 740 3284; x_wconf 77' lang='grc' dir='ltr'><strong>Μελ.</strong></span> <span class='ocrx_word' id='word_1_266' title='bbox 761 3217 845 3304; x_wconf 81' lang='lat' dir='ltr'><strong>Hag.</strong></span> <span class='ocrx_word' id='word_1_267' title='bbox 868 3224 903 3284; x_wconf 90' lang='lat' dir='ltr'><strong>et</strong></span> <span class='ocrx_word' id='word_1_268' title='bbox 923 3217 998 3284; x_wconf 78' lang='lat' dir='ltr'><strong>Ald.</strong></span> <span class='ocrx_word' id='word_1_269' title='bbox 1018 3208 1149 3306; x_wconf 81' lang='lat' dir='ltr'><strong>legitor,</strong></span> 
     </span>
     <span class='ocr_line' id='line_1_31' title="bbox 69 3315 1150 3409; baseline 0.003 -26"><span class='ocrx_word' id='word_1_270' title='bbox 69 3333 128 3383; x_wconf 82' lang='lat' dir='ltr'><strong>non</strong></span> <span class='ocrx_word' id='word_1_271' title='bbox 147 3320 317 3402; x_wconf 75' lang='grc' dir='ltr'><strong><em>’παρῥησλα</em></strong></span> <span class='ocrx_word' id='word_1_272' title='bbox 336 3318 420 3404; x_wconf 85' lang='lat' dir='ltr'><strong>qnod</strong></span> <span class='ocrx_word' id='word_1_273' title='bbox 442 3315 593 3409; x_wconf 83' lang='lat' dir='ltr'><strong>in-aliis)</strong></span> <span class='ocrx_word' id='word_1_274' title='bbox 613 3338 635 3386; x_wconf 89' lang='lat' dir='ltr'><strong>a</strong></span> <span class='ocrx_word' id='word_1_275' title='bbox 655 3319 787 3386; x_wconf 89' lang='lat' dir='ltr'><strong>librario</strong></span> <span class='ocrx_word' id='word_1_276' title='bbox 803 3319 846 3386; x_wconf 82' lang='lat' dir='ltr'><strong>ad</strong></span> <span class='ocrx_word' id='word_1_277' title='bbox 860 3319 963 3386; x_wconf 89' lang='lat' dir='ltr'><strong>verba</strong></span> <span class='ocrx_word' id='word_1_278' title='bbox 975 3321 1041 3386; x_wconf 88' lang='lat' dir='ltr'><strong>ista</strong></span> <span class='ocrx_word' id='word_1_279' title='bbox 1060 3317 1098 3405; x_wconf 75' lang='lat'><strong>§-</strong></span> <span class='ocrx_word' id='word_1_280' title='bbox 1112 3315 1150 3387; x_wconf 83' lang='grc'><strong>9.</strong></span> 
     </span>
     <span class='ocr_line' id='line_1_32' title="bbox 70 3408 1150 3506; baseline -0.007 -19"><span class='ocrx_word' id='word_1_281' title='bbox 70 3416 263 3506; x_wconf 69' lang='lat' dir='ltr'><strong>ttocriptom</strong></span> <span class='ocrx_word' id='word_1_282' title='bbox 276 3417 388 3499; x_wconf 82' lang='lat' dir='ltr'><strong>tuisse,</strong></span> <span class='ocrx_word' id='word_1_283' title='bbox 410 3419 527 3505; x_wconf 83' lang='lat' dir='ltr'><strong>quibos</strong></span> <span class='ocrx_word' id='word_1_284' title='bbox 546 3420 714 3486; x_wconf 77' lang='lat' dir='ltr'><strong>leocrates</strong></span> <span class='ocrx_word' id='word_1_285' title='bbox 736 3427 882 3486; x_wconf 84' lang='lat' dir='ltr'><strong>naturam</strong></span> <span class='ocrx_word' id='word_1_286' title='bbox 902 3438 994 3486; x_wconf 86' lang='lat' dir='ltr'><strong>suam</strong></span> <span class='ocrx_word' id='word_1_287' title='bbox 1016 3408 1150 3506; x_wconf 67' lang='lat' dir='ltr'><strong>oraedi-</strong></span> 
     </span>
     <span class='ocr_line' id='line_1_33' title="bbox 70 3515 1151 3605; baseline -0.006 -17"><span class='ocrx_word' id='word_1_288' title='bbox 70 3524 173 3589; x_wconf 78' lang='lat' dir='ltr'><strong>catut</strong></span> <span class='ocrx_word' id='word_1_289' title='bbox 193 3515 334 3600; x_wconf 71' lang='grc' dir='ltr'><strong><em>δοξάσαι</em></strong></span> <span class='ocrx_word' id='word_1_290' title='bbox 355 3521 425 3604; x_wconf 74' lang='grc' dir='ltr'><strong><em>περὶ</em></strong></span> <span class='ocrx_word' id='word_1_291' title='bbox 445 3519 587 3588; x_wconf 70' lang='grc' dir='ltr'><strong><em>ἑκάστου</em></strong></span> <span class='ocrx_word' id='word_1_292' title='bbox 606 3519 665 3602; x_wconf 76' lang='grc' dir='ltr'><strong>τὴν</strong></span> <span class='ocrx_word' id='word_1_293' title='bbox 686 3519 850 3600; x_wconf 54' lang='lat' dir='ltr'><strong>&amp;inficiae</strong></span> <span class='ocrx_word' id='word_1_294' title='bbox 870 3522 995 3603; x_wconf 69' lang='grc' dir='ltr'><strong><em>μᾶλλον</em></strong></span> <span class='ocrx_word' id='word_1_295' title='bbox 1014 3523 1151 3605; x_wconf 58' lang='lat' dir='ltr'><strong>&amp;vaani-</strong></span> 
     </span>
     <span class='ocr_line' id='line_1_34' title="bbox 69 3620 1151 3709; baseline 0.005 -24"><span class='ocrx_word' id='word_1_296' title='bbox 69 3640 121 3698; x_wconf 72' lang='grc' dir='ltr'><strong>ην</strong></span> <span class='ocrx_word' id='word_1_297' title='bbox 144 3620 212 3686; x_wconf 75' lang='grc' dir='ltr'><strong>τῶν</strong></span> <span class='ocrx_word' id='word_1_298' title='bbox 237 3622 358 3688; x_wconf 69' lang='grc' dir='ltr'><strong>ειδέναι</strong></span> <span class='ocrx_word' id='word_1_299' title='bbox 385 3621 589 3709; x_wconf 71' lang='grc' dir='ltr'><strong>φασκόντων.</strong></span> <span class='ocrx_word' id='word_1_300' title='bbox 639 3620 762 3692; x_wconf 79' lang='lat' dir='ltr'><strong>senem</strong></span> <span class='ocrx_word' id='word_1_301' title='bbox 791 3623 884 3689; x_wconf 87' lang='lat' dir='ltr'><strong>verbi</strong></span> <span class='ocrx_word' id='word_1_302' title='bbox 915 3622 1044 3709; x_wconf 85' lang='lat' dir='ltr'><strong>quidem</strong></span> <span class='ocrx_word' id='word_1_303' title='bbox 1072 3641 1151 3690; x_wconf 83' lang='lat' dir='ltr'><strong>esse</strong></span> 
     </span>
     <span class='ocr_line' id='line_1_35' title="bbox 72 3718 1151 3811; baseline 0.002 -24"><span class='ocrx_word' id='word_1_304' title='bbox 72 3718 223 3788; x_wconf 72' lang='lat' dir='ltr'><strong>incertam</strong></span> <span class='ocrx_word' id='word_1_305' title='bbox 257 3721 425 3809; x_wconf 78' lang='lat' dir='ltr'><strong>intelliges</strong></span> <span class='ocrx_word' id='word_1_306' title='bbox 459 3742 504 3790; x_wconf 89' lang='lat' dir='ltr'><strong>ex</strong></span> <span class='ocrx_word' id='word_1_307' title='bbox 533 3724 615 3791; x_wconf 85' lang='lat' dir='ltr'><strong>Bav.</strong></span> <span class='ocrx_word' id='word_1_308' title='bbox 650 3725 705 3811; x_wconf 88' lang='lat' dir='ltr'><strong>qui</strong></span> <span class='ocrx_word' id='word_1_309' title='bbox 733 3725 869 3791; x_wconf 88' lang='lat' dir='ltr'><strong>verbum</strong></span> <span class='ocrx_word' id='word_1_310' title='bbox 896 3730 973 3810; x_wconf 89' lang='lat' dir='ltr'><strong>post</strong></span> <span class='ocrx_word' id='word_1_311' title='bbox 1004 3723 1151 3806; x_wconf 77' lang='grc' dir='ltr'><strong><em>συλλόγῳ</em></strong></span> 
     </span>
     <span class='ocr_line' id='line_1_36' title="bbox 74 3819 1152 3914; baseline 0.002 -29"><span class='ocrx_word' id='word_1_312' title='bbox 74 3821 214 3888; x_wconf 84' lang='lat' dir='ltr'><strong>collocat.</strong></span> <span class='ocrx_word' id='word_1_313' title='bbox 256 3819 373 3889; x_wconf 84' lang='lat' dir='ltr'><strong>Simile</strong></span> <span class='ocrx_word' id='word_1_314' title='bbox 401 3825 514 3891; x_wconf 89' lang='lat' dir='ltr'><strong>vitium</strong></span> <span class='ocrx_word' id='word_1_315' title='bbox 541 3826 617 3892; x_wconf 91' lang='lat' dir='ltr'><strong>olim</strong></span> <span class='ocrx_word' id='word_1_316' title='bbox 648 3830 720 3891; x_wconf 85' lang='lat' dir='ltr'><strong>erat</strong></span> <span class='ocrx_word' id='word_1_317' title='bbox 746 3823 828 3890; x_wconf 83' lang='lat' dir='ltr'><strong>Phil.</strong></span> <span class='ocrx_word' id='word_1_318' title='bbox 854 3824 950 3914; x_wconf 83' lang='grc'><strong>110,</strong></span> <span class='ocrx_word' id='word_1_319' title='bbox 981 3820 1069 3889; x_wconf 84' lang='grc'><strong>138.</strong></span> <span class='ocrx_word' id='word_1_320' title='bbox 1098 3823 1152 3887; x_wconf 89' lang='lat' dir='ltr'><strong>ubi</strong></span> 
     </span>
     <span class='ocr_line' id='line_1_37' title="bbox 74 3919 1152 4010; baseline 0.003 -24"><span class='ocrx_word' id='word_1_321' title='bbox 74 3921 163 4007; x_wconf 75' lang='lat' dir='ltr'><strong>volgo</strong></span> <span class='ocrx_word' id='word_1_322' title='bbox 183 3919 360 4006; x_wconf 74' lang='grc' dir='ltr'><strong><em>ἀξιόχρεος</em></strong></span> <span class='ocrx_word' id='word_1_323' title='bbox 379 3923 485 4007; x_wconf 69' lang='grc' dir='ltr'><strong><em>ἔδοξα</em></strong></span> <span class='ocrx_word' id='word_1_324' title='bbox 506 3920 649 4004; x_wconf 75' lang='grc' dir='ltr'><strong><em>οὕτωςὴ</em></strong></span> <span class='ocrx_word' id='word_1_325' title='bbox 673 3930 877 4010; x_wconf 74' lang='grc' dir='ltr'><strong><em>πραγματεία</em></strong></span> <span class='ocrx_word' id='word_1_326' title='bbox 904 3925 987 3992; x_wconf 79' lang='grc' dir='ltr'><strong><em>εἶπαι</em></strong></span> <span class='ocrx_word' id='word_1_327' title='bbox 1014 3923 1152 4010; x_wconf 84' lang='lat' dir='ltr'><strong>legeba-</strong></span> 
     </span>
     <span class='ocr_line' id='line_1_38' title="bbox 75 4018 1150 4111; baseline 0.003 -24"><span class='ocrx_word' id='word_1_328' title='bbox 75 4023 138 4111; x_wconf 86' lang='lat' dir='ltr'><strong>tm,</strong></span> <span class='ocrx_word' id='word_1_329' title='bbox 158 4042 245 4091; x_wconf 86' lang='lat' dir='ltr'><strong>nnnc</strong></span> <span class='ocrx_word' id='word_1_330' title='bbox 266 4030 375 4093; x_wconf 81' lang='lat' dir='ltr'><strong>antem</strong></span> <span class='ocrx_word' id='word_1_331' title='bbox 396 4044 441 4094; x_wconf 85' lang='lat' dir='ltr'><strong>ex</strong></span> <span class='ocrx_word' id='word_1_332' title='bbox 462 4025 541 4095; x_wconf 86' lang='lat' dir='ltr'><strong>Urb.</strong></span> <span class='ocrx_word' id='word_1_333' title='bbox 565 4022 656 4107; x_wconf 78' lang='grc' dir='ltr'><strong><em>ἄξιος</em></strong></span> <span class='ocrx_word' id='word_1_334' title='bbox 677 4018 773 4103; x_wconf 77' lang='grc' dir='ltr'><strong><em>οὗτος</em></strong></span> <span class='ocrx_word' id='word_1_335' title='bbox 799 4027 837 4107; x_wconf 85' lang='lat' dir='ltr'><strong>(i.</strong></span> <span class='ocrx_word' id='word_1_336' title='bbox 859 4046 889 4093; x_wconf 90' lang='lat' dir='ltr'><strong>e.</strong></span> <span class='ocrx_word' id='word_1_337' title='bbox 909 4023 1022 4109; x_wconf 78' lang='grc' dir='ltr'><strong><em>λόγος)</em></strong></span> <span class='ocrx_word' id='word_1_338' title='bbox 1043 4021 1150 4105; x_wconf 72' lang='grc' dir='ltr'><strong><em>ἔδοξα</em></strong></span> 
     </span>
     <span class='ocr_line' id='line_1_39' title="bbox 75 4118 417 4213; baseline 0.009 -23"><span class='ocrx_word' id='word_1_339' title='bbox 75 4118 146 4190; x_wconf 68' lang='grc' dir='ltr'><strong><em>εἶναι</em></strong></span> <span class='ocrx_word' id='word_1_340' title='bbox 164 4130 222 4192; x_wconf 78' lang='lat' dir='ltr'><strong>eet</strong></span> <span class='ocrx_word' id='word_1_341' title='bbox 240 4133 417 4213; x_wconf 82' lang='lat' dir='ltr'><strong>receptam.</strong></span> 
     </span>
    </p>
   </div>
   <div class='ocr_carea' id='block_1_3' title="bbox 0 0 1305 4508">
    <p class='ocr_par' dir='ltr' id='par_1_4' title="bbox 0 0 1305 4508">
     <span class='ocr_line' id='line_1_40' title="bbox 0 0 1305 4508; baseline 0 0"><span class='ocrx_word' id='word_1_342' title='bbox 0 0 1305 4508; x_wconf 95' lang='lat' dir='ltr'><strong> </strong></span> 
     </span>
    </p>
   </div>
  </div>
 </body>
</html>
