2580 4514
506 159 778 226 „305·..

77 323 339 415 εὺθάὃρομοι·)
367 327 386 406 ἢ
412 325 634 410 έξοικεανιζειν.
659 325 693 395 6.
716 325 754 394 τὸ
775 333 946 396 tar—danto
966 329 1097 416 ἡμέραις
1116 333 1190 412 dar}h

78 431 223 498 νύσθαι
254 430 426 508 ἰσοταχῶς.
460 427 497 494 7.
527 450 602 495 τινα
630 429 819 517 ἀφιγμένον.
851 427 886 496 8.
914 433 972 497 καὶ
992 436 1025 496 ολ
1046 428 1188 520 ὕστερον.

81 533 143 613 V,
171 531 207 597 1.
238 532 296 597 καὶ
314 527 551 616 Ἐρατοσθένη.
576 529 609 595 3.
632 533 698 618 du,
724 526 996 611 οὔτεθάλαττα,
1024 528 1094 595 οὔτ’
1111 557 1189 598 -τι
1258 597 1261 600 ,

83 632 353 713 λιι-’θαλαττίῳ
375 624 490 706 ἐοικός.
514 632 550 696 5.
571 628 724 723 πλεύμονι
745 627 860 706 ἐοικὸς.
884 627 921 696 6.
950 628 1032 696 διότι
1054 636 1189 701 έπανελὸ

84 731 179 800 θὼν.
204 729 238 799 7.
259 733 316 803 καὶ
338 726 574 815 αὐτὸ-ἰδιώτῃ
596 727 772 813 ἀνθρώπῳ.
797 728 834 795 8.
859 728 1122 817 διαπορήσαντα,
1148 740 1189 799 ελ

87 833 128 902 9.
151 822 268 915 τούτῳ.
290 829 386 914 ὁ-γε
401 833 642 907 εἱς-πλεῦσαι·
666 827 1065 915 ὁ-τῴἙρμή-λέγοντι.
1088 832 1188 915 (16.)

82 933 329 1023 Ἐρατοσθένη.
354 930 416 996 11.
438 938 644 1018 προφέρεται.
684 928 949 1017 Ἐρατοσθένους
971 933 1005 999 δὲ
1025 940 1148 1018 εἴρηται
1169 933 1189 1013 ἡ

87 1039 164 1122 περὶ
186 1031 230 1099 τά
250 1038 382 1112 ἑσπέρια
403 1033 461 1096 καὶ
481 1030 525 1097 τά
539 1029 849 1117 ἀρκτικά-ἀγνοια,
869 1026 981 1124 (13.)
993 1031 1088 1100 Ἀλλ’.
1110 1058 1189 1118 συγ·

87 1142 206 1226 γνοίης
227 1127 455 1225 (14.)Ἀλλά.
472 1138 511 1214 γέ
520 1138 607 1197 έστιν
627 1134 684 1198 καὶ
704 1138 747 1197 ἐν.
762 1132 819 1210 VJ,
838 1131 874 1196 1.
895 1131 935 1197 τὸ
956 1131 1031 1199 ἀπὸ.
1055 1131 1090 1200 2.
1102 1137 1189 1219 λαμε-

89 1236 272 1324 βάνονται,
293 1232 624 1318 εἴτε-έμμετροῦντι,
647 1229 729 1297 οὔτε.
751 1231 786 1299 3.
806 1234 966 1317 βεβηκυίφ
986 1236 1080 1299 drei-
1092 1236 1190 1320 Nap-

90 1338 198 1423 βῶνα.
222 1333 296 1415 (4..)
312 1329 415 1399 Ὥστε.
438 1333 474 1398 5.
495 1329 515 1410 ή
537 1327 796 1410 ὀκτακισχιλιλον.
818 1329 854 1398 6.
878 1330 1042 1416 διάοτήμα
1054 1332 1129 1401 ἀπὸ.
1153 1337 1188 1403 7.

90 1439 152 1503 καὶ
167 1433 496 1517 έκεῖνο-Ναρβῶνα,
519 1427 662 1508 aie-tor)
683 1429 919 1516 ἀμβλυγωνίου.
940 1431 978 1499 8.
1001 1429 1051 1498 ὅτι
1064 1431 1190 1512 ή-πα-

91 1540 198 1623 ραλία
219 1533 239 1614 ἡ
259 1531 325 1600 ἀπὸ
346 1535 407 1598 τοῦ
428 1535 584 1616 πορθμοῦ
605 1535 656 1599 έπλ
679 1529 799 1611 στήλας
820 1537 955 1616 ἔγγιστα
977 1522 1130 1620 ὑπερέχει.
1151 1533 1188 1603 9.

92 1631 353 1712 Πελοποννήσου
374 1631 616 1713 έπὶ-στάὃιοι,
635 1630 731 1705 αὐτοὶ
751 1629 802 1697 ἐπ’
816 1630 1026 1719 -διπλάσιοι
1052 1625 1191 1705 oiri-11.

91 1747 192 1824 πεῖρα
212 1735 253 1815 ἐξ.
278 1732 340 1798 12.
363 1731 521 1800 Λευκάὃα
541 1739 577 1801 έκ
598 1729 852 1810 Πελοποννήσου
879 1734 1191 1813 έπτακοσιους-καὶ

91 1845 128 1905 έν
149 1835 241 1918 δεξιᾷ
261 1832 554 1912 εὶς-πεντήκοντα.
585 1831 687 1914 (13.)
716 1828 1039 1920 οὕτως-ψεύσματά
1060 1843 1189 1903 ἑστιν-

90 1941 152 2005 καὶ
175 1933 274 2002 ὃ-τὸ
296 1932 361 2000 ἀπὸ
382 1937 540 2022 πορθμοῦ
561 1937 714 2000 ἐπὶ-καὶ
728 1932 968 2014 ὃ-ἀποὸεῖξαι.
990 1935 1088 2018 (14.)
1111 1935 1188 2022 ὁμο-

93 2039 243 2120 λογοῦσι.
286 2035 333 2101 Et
354 2035 403 2099 sic
423 2054 483 2120 per
505 2041 605 2102 totum
627 2036 751 2115 librum,
774 2037 865 2118 cnjus
888 2055 994 2101 sermo
1010 2056 1104 2122 quam
1117 2061 1189 2108 ma-

94 2139 186 2203 xime
207 2156 229 2202 a
249 2135 429 2220 Polybiane
451 2135 582 2210 dicendi
602 2154 740 2221 genere,
784 2135 868 2221 quod
898 2134 933 2201 in
954 2138 1078 2227 ceteris
1097 2140 1190 2227 libris

94 2245 153 2305 est
174 2238 391 2321 conspicuum,
414 2237 558 2324 recedit,
584 2237 632 2301 itn
652 2243 688 2303 ut
710 2234 908 2316 sententiaa,
930 2235 1058 2304 minime
1080 2247 1189 2308 autern

94 2338 202 2407 verba
223 2337 352 2420 Polybii
376 2338 428 2404 hic
450 2337 551 2417 legas.

180 2436 402 2516 Linxxxv,
416 2435 491 2524 1,4.
506 2438 538 2502 in
552 2435 666 2502 verbis
680 2454 699 2502 e
711 2429 817 2502 Suida
829 2434 962 2522 petitis:
984 2432 1049 2503 τῶν
1061 2434 1188 2529 ἀνδρῶν
1239 2496 1242 2501 .

94 2535 161 2603 οὔτ’
187 2543 282 2603 εἴκειν
302 2538 343 2620 τή
364 2538 469 2621 φυγή,
492 2535 566 2601 οὔτε
587 2537 834 2620 παρακαθιέναι
855 2546 925 2613 τοῖς
939 2534 1067 2620 σώμασι
1080 2544 1189 2611 scribe

95 2647 172 2713 ταῖς
192 2647 335 2722 ψυχαῖς,
379 2635 464 2720 quod
486 2638 595 2721 magis
613 2639 710 2702 etiam
731 2635 941 2722 respondebit
961 2648 1031 2715 τοῖς
1052 2637 1191 2724 σώμασι.

94 2737 141 2826 11,
168 2737 200 2801 1.
222 2739 341 2803 verba:
360 2733 488 2815 Ἐπειδὴ
511 2742 544 2802 ολ
555 2733 754 2822 Κελτίβηρες
774 2739 808 2803 in
829 2738 920 2805 initio
937 2739 1115 2823 fragmenti
1136 2743 1190 2810 le-

94 2845 227 2924 guntur.
256 2835 313 2902 13.
335 2837 371 2901 in
391 2837 519 2902 verbis:
540 2840 583 2921 τῇ
602 2828 723 2921 γέμήν
743 2844 935 2929 προαιρέσει,
958 2836 1000 2914 ὡς
1012 2840 1189 2928 διέφαινεν,

94 2935 158 3013 οὐκ
177 2934 309 3022 ελκοάσῃ
329 2945 399 3012 τοῖς
420 2933 538 3019 λόγοις,
562 2933 630 3002 odd
652 2934 826 3022 ήττιομένμ.
871 2938 1060 3026 Schweigh.
1083 2947 1189 3011 offen·

96 3039 147 3106 dit
168 3039 201 3105 in
223 3035 371 3121 ελκοὺσρ,
393 3039 486 3120 cujus
506 3038 579 3104 loco
604 3041 733 3120 έοικυέρ
753 3038 810 3104 vel
832 3057 903 3104 cum
924 3039 1062 3107 Reiskio
1083 3049 1191 3130 ελκνία

94 3159 136 3209 se
159 3137 544 3224 exspectasseasfirmat.
590 3138 669 3204 Vult
689 3138 787 3223 igitur
807 3148 878 3214 τοῖς
898 3137 1008 3223 λόγοις
1028 3140 1141 3226 deleri,
1157 3145 1190 3215 id
1277 3174 1285 3181 ·

93 3240 184 3328 qood
210 3239 308 3306 etiarn
340 3243 492 3303 suaserat
521 3239 684 3306 Reiskius
711 3239 768 3305 vel
788 3248 858 3316 τοῖς
879 3237 966 3318 ὅλοις
987 3259 1096 3310 eornm
1118 3245 1190 3330 loco

93 3341 207 3409 aerini.
252 3338 413 3424 Equidem
435 3359 480 3405 ex
494 3338 579 3406 Bav·
600 3337 729 3424 ἀκούσῃ
750 3339 883 3406 fecerim
903 3338 1072 3429 ἀκουοάσρ
1091 3353 1130 3413 et
1145 3346 1190 3425 ἀς

93 3441 208 3509 deleto
230 3441 334 3506 verba
354 3440 401 3504 ita
422 3441 641 3526 interpretor:
661 3442 791 3508 animo
809 3442 1069 3528 apparebant
1089 3466 1189 3514 ver-

96 3543 167 3609 bis
196 3560 275 3608 non
302 3539 526 3606 obediente
560 3559 691 3628 neque
724 3541 938 3607 submisso.
969 3540 1028 3606 15.
1064 3549 1190 3634 corrige

93 3640 433 3727 reaccenderent,
457 3637 489 3704 1.
515 3641 549 3706 dt
569 3648 612 3708 έν.
633 3640 670 3707 4.
691 3641 725 3706 dd
746 3636 941 3726 Ἁραυάκας.
956 3641 1085 3731 1ν,.,1.
1107 3647 1190 3732 πρά.

93 3765 211 3827 γματα
232 3740 393 3824 ἀπέβαινε.
415 3739 452 3819 8.
481 3741 514 3807 in
539 3744 665 3809 verbisz
709 3743 814 3807 δοκῶν
836 3742 870 3806 dt
891 3738 1074 3828 σύμβουλος
1093 3770 1190 3830 γεγο-

93 3851 187 3909 νέναι
207 3844 268 3906 τοῦ
289 3845 441 3926 πολέμου,
462 3844 513 3907 tari
534 3841 775 3926 καλοκάγαθία
795 3843 854 3906 καὶ
874 3844 1072 3931 σωφροσύνῃ
1092 3845 1192 3929 δόξαν

93 3940 360 4026 ὁμολογουμένην
382 3951 608 4026 πεποιημένος,
629 3950 737 4035 scribe
758 3938 817 4021 τήν
838 3943 888 4008 dci
909 3947 1191 4031 καλοκαγαθίᾳ-ε
