2580 4514
432 147 550 275 'f-
613 190 679 258 nou
743 223 784 240 -

90 365 351 446 προγεγενημένη
372 356 515 443 δύναμις
558 359 702 459 Qtrae
673 380 703 425 su
725 340 782 425 tibi
806 359 910 426 miuus
931 359 1110 447 probabilia
1131 359 1187 426 vi·
1265 358 1269 365 ’

90 460 274 544 dabuntur,
317 463 438 527 hiatum
460 442 650 543 excusabis,
692 461 768 549 quia
796 467 872 547 post
894 457 1189 550 ἀμφισβητήσαντα

92 585 200 651 pausa
223 563 384 650 quaedam
406 567 467 630 est.

198 663 292 746 Quod
314 670 423 730 autem
446 683 518 750 cap.
540 663 608 749 lv,
636 664 668 729 l.
697 661 795 729 τοῦτό
816 670 902 730 ἐστιν
923 664 1056 749 legitur,
1084 663 1188 729 oorrl-

94 784 180 853 geS,
201 765 286 852 quod
309 763 345 829 3.
368 767 424 830 καὶ
447 790 465 843 ν
454 787 529 847 μας
551 771 584 831 et
605 764 643 830 4
667 767 723 830 καὶ
745 763 998 880 niqqatrpatcoror
1020 765 1125 841 feren,
1154 768 1190 829 et

94 862 133 932 5
157 869 191 933 in
213 862 432 953 ελργάσατοέ
426 891 505 949 ργον
527 863 597 932 et’
581 871 763 960 ηγωνίοατο
776 861 947 990 ἀγώνισμα
960 863 1190 949 apostrophum

94 984 217 1052 pones,
247 984 391 1055 neque
375 965 558 1032 offendes
549 987 583 1033 ru
604 963 790 1048 ἀγώνισμα,
819 962 898 1029 οἷον.
943 963 1013 1030 Sed
1035 963 1123 1030 sir.
1145 961 1189 1028 τὰ

94 1063 160 1132 ὅλα
188 1067 241 1131 teo
219 1067 330 1151 gitur,
373 1049 435 1131 lioc
463 1064 564 1130 θολλα
593 1074 627 1132 et
657 1065 710 1130 hic
737 1072 771 1131 et
798 1066 932 1151 saepius
959 1065 1043 1131 intra
1070 1085 1092 1131 a
1120 1064 1189 1129 Po-

92 1168 184 1254 lybio
216 1168 371 1252 scriptum
401 1166 504 1232 luisse
535 1166 687 1247 videtur,
730 1167 778 1230 uti
799 1166 882 1232 idem
905 1163 942 1231 Θ.
967 1185 1028 1257 pro
1049 1189 1084 1229 τε
1112 1166 1188 1230 εἴδει

92 1269 168 1332 sine
199 1267 293 1334 dubio
325 1264 357 1330 τ’
388 1268 463 1331 εἴδει
490 1267 591 1334 dedit.
643 1267 755 1333 Verba
782 1273 888 1332 autem
912 1263 952 1353 3.
976 1262 1029 1331 lb:
1061 1269 1188 1331 ἔννοιαν

92 1370 153 1450 μέν
174 1365 238 1455 γὰρ
260 1369 372 1452 λαβεῖν
392 1366 457 1433 ἀπὸ
478 1377 594 1453 μέρους
620 1370 685 1433 τῶν
712 1363 795 1431 ὅλων
822 1365 978 1431 δυνατόν·
1015 1361 1188 1445 ἐπιστήμην

93 1469 205 1533 δὲκαὶ
225 1465 355 1550 γνώμην
375 1465 493 1556 ἀτρεκῆ
513 1470 614 1547 ἔχειν,
642 1464 824 1540 ἀδύνατον,
854 1486 919 1532 non
940 1467 987 1532 ita
1009 1485 1029 1532 a
1051 1464 1189 1550 Polybio

93 1568 221 1654 scripta
243 1587 321 1634 esse
343 1574 431 1653 puto.
476 1568 662 1634 difirmavit
683 1568 769 1634 enim
789 1568 930 1654 scriptor
952 1587 1026 1647 eon,
1048 1567 1103 1653 qui
1127 1564 1190 1630 sibi

93 1668 321 1753 persuaserint
330 1664 393 1740 'en
408 1669 505 1734 rebus
526 1671 633 1753 gestis
655 1669 870 1754 particulatim
898 1669 1015 1734 relatis
1047 1683 1191 1733 summae

94 1770 145 1834 rei
166 1768 313 1834 notitiam
333 1769 416 1833 satis
439 1768 603 1836 commode
620 1770 730 1855 parari
751 1788 867 1856 posse,
889 1769 931 1834 its
953 1787 1031 1834 esse
1053 1768 1189 1848 similes

93 1869 149 1954 qui
183 1867 325 1952 disjecta
347 1869 490 1934 membra
511 1873 659 1956 corporis
680 1877 758 1938 ante
780 1871 913 1936 animati
944 1889 984 1935 ac
1006 1870 1105 1956 pulcri
1137 1869 1190 1934 in·

92 1974 249 2050 tuentes,
271 1969 400 2060 abunde
423 1971 507 2034 satis
529 1977 714 2057 spectatam
736 1971 798 2036 sibi
820 1969 1020 2036 crediderint
1039 1967 1189 2035 animalis

92 2070 200 2155 ipsius
224 2070 289 2136 vim
311 2089 350 2136 ae
371 2069 652 2155 pulchritudinem.
696 2072 782 2137 Nam
804 2072 929 2158 siquis
958 2071 1015 2137 itta
1045 2069 1190 2137 membra

92 2177 235 2256 repente
264 2170 297 2235 in
325 2189 421 2236 unium
449 2190 643 2257 componere
672 2178 708 2237 et
735 2172 840 2239 denuo
866 2173 1031 2257 integrata
1059 2170 1190 2236 animati

92 2289 188 2336 suam
208 2270 340 2336 formam
363 2277 397 2337 et
417 2270 585 2351 decorem,
614 2273 668 2357 qui
689 2272 767 2337 vivo
790 2273 913 2352 inerat,
945 2269 1085 2336 reddere
1106 2290 1190 2357 pos-

93 2377 160 2448 set,
183 2378 282 2459 atque
303 2373 351 2438 ita
371 2392 485 2438 rursus
506 2371 623 2439 iisdem
645 2373 728 2457 ipsis
748 2371 835 2438 istud
858 2371 1061 2451 ostenderet,
1076 2388 1190 2439 omnes

92 2471 211 2537 statim
244 2473 456 2539 confessuros
483 2491 583 2553 esse,
630 2471 729 2556 longe
752 2490 791 2538 se
812 2477 912 2538 autea
933 2491 954 2537 a
975 2471 1025 2537 rei
1047 2470 1189 2538 veritate

93 2571 261 2649 abfuisse,
283 2574 469 2660 similesque
492 2574 594 2639 tuisse
616 2573 675 2659 iis,
697 2572 750 2659 qui
771 2572 896 2637 somnia
917 2570 1062 2637 videant.
1092 2571 1189 2648 Nam,

93 2673 227 2759 pergit,
264 2693 307 2739 ex
330 2681 423 2761 parte
444 2662 581 2740 animum
605 2668 732 2759 quiddm
751 2672 905 2756 cogitatio
927 2671 1028 2736 totius
1049 2670 1191 2737 subiisse

94 2776 211 2858 potest
238 2771 372 2862 (λαβεῖν
401 2797 432 2839 κ.
455 2799 483 2838 τ.
506 2768 571 2861 λ).
617 2771 709 2855 Quae
737 2790 808 2838 cum
835 2772 884 2838 ita
910 2777 1024 2838 essent
1054 2773 1190 2857 scripta,

94 2873 298 2959 pergendum
327 2875 426 2941 etiam
458 2875 544 2940 eritr
588 2893 653 2939 uon
681 2880 788 2939 tamen
817 2873 958 2940 scientia
985 2878 1020 2938 et
1047 2871 1190 2956 cognitio

95 2992 182 3039 vera
202 2981 358 3060 percepta
380 2991 460 3040 esse
481 2973 601 3064 potuit·
632 2975 679 3039 ita
700 2979 735 3039 ut
756 2974 839 3040 haec
861 2993 925 3039 non
947 2975 980 3038 iu
1000 2973 1190 3040 universum
1228 2963 1230 2968 ’

93 3074 276 3140 dictasint
298 3073 357 3141 sed
379 3072 421 3140 ad
444 3092 591 3160 eaquae
618 3073 818 3140 antecedunt
843 3073 1038 3159 explicanda
1065 3071 1189 3140 addita.

93 3170 193 3254 Quod
215 3176 246 3238 si
269 3195 381 3241 verum
402 3181 473 3255 est,
504 3193 562 3260 pro
584 3177 668 3253 έγειν
693 3176 791 3242 etiam
812 3173 1022 3243 verisimilius
1043 3181 1097 3242 est
1118 3173 1190 3241 Po-

93 3274 219 3360 lybium
239 3275 415 3361 scripsisse
437 3285 537 3353 σχεῖν.

184 3373 224 3439 ln
246 3393 317 3461 cap.
341 3377 388 3460 V,
414 3376 448 3441 1.
469 3395 534 3441 uon
555 3376 740 3442 offendes
731 3395 765 3441 m
793 3378 850 3442 καὶ
877 3373 1025 3456 εἰκοστήν
1054 3382 1089 3442 et
1118 3395 1190 3463 cap.

95 3475 164 3554 vl,
187 3472 223 3542 2.
246 3479 296 3542 tat
315 3474 529 3542 Ἀνταλκίδου
550 3477 630 3542 vitio
660 3477 789 3543 videtur
816 3495 988 3561 operarum
1011 3474 1190 3562 Schweig-

95 3577 251 3643 haeuseri
281 3584 383 3642 ortum
414 3597 501 3642 esse.
566 3576 644 3661 lpse
672 3579 757 3643 euim
786 3578 819 3641 in
849 3578 1008 3642 Annotat.
1038 3571 1190 3664 scripsitr

96 3677 209 3743 Verba
230 3676 359 3762 Polybii
384 3677 468 3764 quod
491 3677 625 3758 attinet,
668 3675 727 3755 τὴν
755 3674 807 3742 ἐπ’
834 3674 983 3743 staram.
1017 3680 1190 3761 λεγομένην

93 3774 178 3868 (pro
215 3779 413 3868 γενομένην)
454 3773 580 3864 εἰρήνην
614 3776 743 3844 restitui
778 3799 822 3844 ex
855 3786 1006 3845 veterum
1039 3779 1190 3846 librorum

94 3885 252 3964 quotquot
273 3883 470 3963 supersunt,
517 3879 591 3942 Vnt.
619 3878 694 3944 Urb.
718 3878 804 3944 Flor.
829 3880 912 3945 Ven.
934 3881 1020 3966 Aug.
1045 3881 1128 3964 Reg.
1150 3883 1192 3946 A.

94 3984 129 4042 et
153 3977 235 4044 λλον.
267 3975 441 4044 consensu.
463 4015 504 4028 -
533 3977 580 4043 Et
601 3979 678 4045 alibi
698 3978 825 4064 quidem
846 3980 932 4066 apud
954 3981 1110 4044 Nostrum
1132 3982 1193 4058 lV,

94 4076 165 4159 27,
195 4077 228 4142 5.
258 4084 293 4146 et
321 4083 387 4161 Vl,
414 4075 485 4162 43,
519 4077 577 4146 15.
613 4077 670 4158 τὴν
698 4077 747 4147 ἐπ’
780 4077 993 4148 Ἀνταλκίδου
1020 4075 1210 4164 γενομένην
