2580 4514
444 122 774 217 .-w-

92 333 132 393 et
153 323 302 409 scriptis,
332 320 453 389 ltintel.
481 318 607 406 1837,
628 317 666 387 4.
688 341 719 408 p.
743 318 806 388 16.
827 312 969 409 euru,
994 321 1050 410 qni
1072 326 1189 390 osteu-

96 424 166 490 dit:
209 429 360 511 „septem
381 424 436 490 illu
457 423 566 510 capita
586 420 628 488 ab
659 421 733 508 ipso
754 428 890 490 auctore
920 441 985 490 non
1009 425 1190 510 separatim

95 527 190 593 edita
211 544 305 608 esse,
335 524 397 591 sed
418 525 464 590 ita
480 524 613 610 juncta,
642 527 678 588 ut
698 523 858 609 integrum
880 522 1127 610 absolutumque
1147 524 1190 589 li-

97 622 191 694 brum
212 624 410 710 ellicerent“‚
430 628 464 692 in
486 646 525 692 eo
547 631 656 692 tamen
677 644 748 692 cum
769 621 910 690 Schotto
933 624 1030 706 lacit,
1051 611 1088 689 ut
1109 642 1191 691 con-

96 730 234 823 sentiat,
255 735 353 816 capnt
372 729 544 815 septimum
564 727 710 813 proxime
731 745 753 792 a
774 725 877 811 primo
898 725 1008 811 capite
1029 724 1193 792 collocan-

98 828 174 895 dum
202 848 291 895 esse.
355 831 432 896 Non
459 829 563 896 minus
590 834 682 895 recte
710 825 869 895 schottus
898 845 969 912 cap.
989 824 1202 892 undecimum¹
1267 856 1270 861 ¹

101 930 263 1017 Dionysio
285 930 501 1013 abjudicavit,
529 929 563 994 in
585 928 738 1014 Prolegg.
760 927 993 993 XLVIII-L.
1036 927 1085 993 At
1106 927 1193 1014 quod

99 1032 187 1099 idem
208 1031 262 1098 vir
282 1030 324 1098 de
345 1030 470 1098 duabus
492 1029 812 1097 commentationibus
834 1049 860 1096 c
880 1029 972 1096 VIII.
994 1028 1102 1098 etIX.
1122 1031 1194 1118 cept

100 1135 166 1198 ruiu
188 1138 469 1214 toxuuuuoutuou
491 1131 577 1196 inter
598 1148 638 1195 se
659 1129 829 1196 simillimis
849 1128 1058 1216 disputavit,
1101 1129 1193 1216 prio·

102 1253 174 1301 rem
195 1232 358 1318 Dionysio
380 1229 573 1319 vindicans,
607 1231 822 1316 posteriorem
845 1230 877 1297 ei
897 1231 1080 1320 abrogans,
1100 1236 1195 1298 recte

97 1337 167 1420 jam
189 1331 384 1420 improbavit
404 1330 490 1397 idem
512 1332 750 1400 Weismannus
770 1332 789 1396 l.
812 1332 868 1398 all.
895 1351 926 1418 p.
959 1328 1021 1398 18.
1064 1336 1101 1397 et
1133 1325 1196 1396 19.
1249 1355 1251 1360 ’

102 1453 210 1521 neque
231 1435 336 1500 oratio
358 1433 404 1498 ita
426 1436 479 1496 cst
500 1439 709 1518 comparata,
742 1438 787 1497 ‘ut
808 1431 970 1517 Dionysio
991 1435 1073 1518 apte
1099 1431 1198 1497 tribui

102 1536 219 1623 possit.
261 1534 352 1598 Dicit
371 1531 501 1618 quidem
521 1533 684 1600 Schottus
706 1553 738 1620 p.
759 1533 898 1599 xnvll.
922 1533 980 1614 „ni
1007 1532 1115 1600 omniu
1143 1548 1196 1599 me

105 1638 237 1718 fallunt,
269 1634 373 1702 omnis
393 1633 476 1699 haec
497 1634 723 1701 commentatio
746 1651 766 1700 e
787 1633 990 1700 sermonibus
1011 1626 1111 1700 enata
1131 1637 1196 1712 cst,

106 1739 222 1824 quibus
243 1735 423 1820 Dionysius
445 1741 559 1801 noster
579 1736 705 1802 Romae
727 1721 822 1802 artis¹
840 1734 1027 1803 rhetoricae
1054 1744 1196 1823 praece·

105 1843 165 1924 pta
182 1837 357 1919 iuvenibus
378 1843 586 1922 proponeret.
630 1837 704 1905 'lali
731 1836 819 1904 cuim
845 1837 1041 1904 institutioni
1061 1835 1197 1903 ‘schola-

102 1939 210 2003 sticae
232 1935 393 2003 sermonis
413 1937 522 2021 copia,
545 1956 608 2023 qua
630 1938 742 2004 rhetor
762 1937 798 2004 in
819 1937 902 2005 locis
923 1937 1113 2026 quibusdam
1133 1955 1198 2005 ex-

106 2039 269 2127 plicandis
291 2041 460 2116 versatur,
487 2038 703 2124 repetitiones
725 2038 912 2126 frequenter
929 2039 1062 2120 obviae,
1091 2040 1198 2106 oratio

105 2140 242 2225 saepius
269 2155 330 2224 per
358 2136 511 2204 breviora
540 2139 683 2205 membra
711 2146 749 2206 et
776 2141 1053 2226 interrogationes
1078 2155 1199 2226 proce-

106 2241 212 2322 dens,
233 2237 377 2304 laudatio
397 2235 538 2324 denique
560 2238 703 2304 locorum
724 2240 895 2306 allatorum
917 2239 1088 2322 negligens
1110 2238 1199 2324 opti-

108 2363 164 2412 me
185 2340 391 2436 conveniunt.
435 2336 559 2420 Quodsi
580 2359 644 2406 non
665 2339 919 2426 improbabiliter
938 2344 1092 2416 sumatur,
1114 2356 1201 2405 com·

109 2445 338 2512 mentationem
359 2438 597 2524 Dionysianaru
618 2458 693 2505 non
705 2440 777 2506 ab
768 2458 842 2527 rpso
863 2438 992 2525 quidem
1014 2439 1176 2507 rhetore
1165 2459 1200 2507 ιιι

109 2565 202 2611 usum
224 2542 383 2630 publicum
405 2557 484 2606 esse
506 2541 645 2620 editam,
688 2541 750 2607 sed
770 2560 815 2608 ex
835 2540 981 2625 ejusdem
996 2539 1201 2611 sermonibus

110 2648 184 2715 ad
170 2665 315 2730 Juvenes
344 2641 466 2708 habitis
486 2644 528 2708 ab
557 2642 672 2710 amicis
702 2641 935 2730 discipulisque
967 2642 1215 2734 compositam3v

109 2748 236 2813 lucilius
257 2749 378 2832 poterit
399 2765 500 2814 causa
521 2745 680 2812 dictorum
702 2743 900 2831 quorundam
920 2743 1076 2830 intelligi,
1119 2762 1204 2831 quae

110 2852 185 2936 ipse
198 2850 307 2915 forsan
320 2848 500 2935 Dionysius
522 2850 758 2913 retractaturus
779 2845 899 2911 luisset
913 2851 948 2911 et
961 2845 1204 2927 emendaturus,

111 2953 142 3018 si
164 2950 463 3017 commentationem
484 2947 685 3032 recognitam
706 2965 746 3012 ac
768 2947 960 3032 perpoIItam
980 2948 1014 3014 in
1034 2967 1205 3033 usumpu·

113 3052 229 3117 blicum
261 3051 362 3118 edere
384 3050 623 3117 constituisset.
631 3045 651 3087 “
693 3045 830 3129 'Quibus
861 3052 972 3114 tanen
999 3054 1091 3115 recte
1119 3047 1205 3114 haec

112 3159 251 3240 possunt
273 3153 409 3240 opponi:
443 3154 576 3237 primum
597 3152 788 3233 argumenta
809 3147 938 3213 minime
960 3145 1078 3215 idonea
1098 3146 1205 3215 adhuc

113 3272 193 3320 esse
216 3253 359 3339 prolata,
390 3253 505 3342 quibus
528 3251 704 3337 probetur,
729 3249 762 3315 in
783 3248 885 3336 libro,
917 3247 1008 3331 cuijus
1033 3249 1206 3315 maximam

113 3369 241 3440 partem
261 3353 317 3418 alii
340 3373 418 3422 esse
438 3351 642 3419 tribuendam
663 3349 875 3429 affirmemus,
918 3351 982 3418 hoc
1001 3355 1099 3436 caput
1118 3349 1206 3416 Dio·

113 3454 201 3541 nysii
231 3473 321 3520 esse.
365 3453 417 3520 Eo
446 3453 552 3530 enim,
576 3450 663 3536 quod
689 3451 841 3537 exempla
862 3451 917 3517 hic
936 3470 958 3520 e
979 3449 1207 3517 Demosthene

113 3561 191 3621 sunt
212 3553 381 3639 depromta
403 3559 438 3619 et
459 3551 544 3639 quod
565 3551 707 3619 Periclis
727 3555 832 3618 oratio
854 3552 1000 3620 funebris
1021 3550 1206 3639 Thucydidi

114 3655 322 3740 adscribitur,
344 3655 471 3720 minime
486 3654 640 3740 probatur
655 3651 847 3739 Dionysium
860 3659 1107 3741 praeceptorum
1128 3669 1208 3720 esse

114 3766 291 3824 auctorem.
336 3754 429 3837 Quod
452 3763 558 3822 autern
581 3757 679 3834 ἔχεις,
700 3758 807 3834 torm,
830 3755 909 3838 aaut
931 3759 966 3820 et
987 3755 1058 3820 sim
1080 3753 1134 3820 hic
1154 3753 1208 3820 lc-

115 3865 254 3944 guntur,
282 3857 358 3925 inde
379 3858 487 3944 potius
508 3855 763 3922 concludendum
783 3859 871 3943 erit,
897 3856 939 3923 ad
962 3873 1058 3921 unum
1079 3859 1115 3920 et
1136 3854 1210 3940 ιιιιί·

117 3958 192 4025 dem
225 3959 383 4048 eundem,
426 3959 469 4026 ad
491 3978 584 4045 quem
606 3963 735 4037 cetera,
778 3955 998 4024 Echecratem
1020 3955 1104 4039 haec
1131 3973 1211 4022 esse

118 4062 253 4147 scripta.
314 4062 387 4128 lluc
408 4059 537 4127 accedit
556 4058 778 4146 argumentum
800 4057 1012 4126 Weismanni
1033 4075 1054 4123 e
1075 4044 1226 4137 nuncil
