2564 4508
91 324 185 386 *ΜΒ
199 303 432 406 ’Μιοῦατες,
460 302 523 386 οὐχ
543 306 587 383 ὥς
606 303 764 372 ἀδύνατοι
776 311 903 393 -φέρειν,
925 305 1060 392 primum
1080 309 1183 376 Reis-

93 409 170 475 ltibs
186 406 329 474 odendit
347 426 527 493 quaerens:
572 426 645 472 num
665 404 780 490 κόμπῳ
801 404 851 472 ἐπ’
882 403 1051 494 ἀμπεχόνῃ
1077 430 1184 478 ήμην

94 509 356 596 gloriatione
379 509 429 574 ob
446 508 649 575 vestitum
670 527 806 586 suum,
825 512 943 594 utpote
965 511 1185 594 qui-,ornatior
1270 548 1273 553 ·

94 615 128 676 et
155 608 359 696 splendidior
385 616 482 685 erat,
521 629 615 696 quam
645 609 840 694 reliquorum
868 610 1010 675 militum.
1054 608 1186 678 Deinde

86 704 300 796 suspicatur:
321 706 495 793 ἐβούλοντο
516 708 625 794 πρόσω
641 707 866 788 ποιήσασθαιι
887 711 1144 778 conabantur
1165 732 1187 780 a

95 830 140 878 sc
172 810 333 878 amoliri
365 810 499 876 munia
531 810 742 877 militaria.
791 795 919 877 earnis
948 811 1067 897 aliquid
1086 815 1186 879 'exci-

94 911 187 978 disse
208 912 375 997 opinatur,
407 913 533 978 Hasins
554 912 597 978 ad
616 915 809 991 ἐπαμπέχειν
829 907 1022 994 φαυλότητα
1043 920 1099 979 aut
1119 917 1186 982 tale
1208 982 1212 991 ,
1249 923 1258 931 “

95 1012 171 1098 quid
201 1011 325 1079 deesse
354 1019 471 1078 censet
505 1019 541 1078 et
569 1032 628 1098 pro
658 1008 950 1096 προσποιήσασθαι
977 1016 1101 1081 mavult
1129 1024 1187 1084 aut

93 1111 386 1201 προσποιησάμενοι
408 1113 660 1178 simulantes
682 1118 739 1179 aut
759 1111 804 1195 τῴ
819 1111 1111 1198 προσποιήσασθαι
1126 1117 1185 1195 τὰς
1234 1102 1249 1123 ’

96 1203 308 1295 λειτουργίας.
349 1213 397 1278 At
419 1212 545 1280 Comes
567 1213 670 1278 verba
691 1218 784 1278 recte
805 1216 944 1280 struxit:
976 1213 1185 1297 ἀπαξιοῦντες

93 1311 384 1400 προσποιήσασθαι
405 1312 464 1390 τὰς
485 1317 686 1398 λειτουργίας
707 1313 729 1378 i.
752 1332 782 1380 e.
805 1315 951 1396 λέγοντες
981 1314 1025 1397 μή
1058 1308 1184 1403 προσή-

94 1436 161 1480 arra
181 1411 296 1490 αὐτοῖς
315 1436 433 1503 προσπ.
455 1418 485 1481 λ.
507 1414 580 1480 scil.
601 1414 740 1480 subire
761 1415 901 1492 munia,
923 1423 1088 1482 nostrum:
1110 1420 1183 1487 sicli

94 1514 154 1583 der
166 1515 423 1600 Kriegsdienste
444 1515 680 1583 annunebmen.
723 1511 818 1595 Quod
839 1520 948 1581 autem
971 1516 1185 1600 objectumad

94 1621 288 1698 ἐπαμπέχειν
316 1618 459 1702 attinet,
499 1635 561 1700 ego
591 1633 793 1701 nequaquam
824 1634 894 1682 cum
916 1614 1097 1687 Schaeiero
1125 1620 1186 1700 τήν

94 1718 158 1782 τόν
179 1719 386 1805 λειτουργιῶν
406 1714 586 1796 όποιξιοοσιν
606 1716 826 1801 suppleverim
841 1735 947 1803 neque
962 1719 1067 1804 magis
1081 1721 1184 1790 verba

94 1817 325 1905 explicuerim
352 1818 560 1885 volebant
581 1817 716 1882 videri
736 1821 882 1901 tegere
902 1817 1089 1887 laborum
1110 1822 1185 1890 de-

94 1920 398 1989 trectationem
426 1917 658 1984 insolentia
690 1923 730 1982 et
757 1919 1006 2002 jactatione.
1051 1921 1183 1990 Minime

92 2021 180 2087 euim
203 2019 358 2086 volebant
377 2018 483 2085 videri
505 2024 642 2104 tegere,
671 2016 734 2084 sed
755 2037 825 2083 rem
854 2037 974 2085 revera
1004 2027 1114 2088 eraut·
1130 2028 1185 2090 te-

93 2121 178 2189 cturi
200 2119 356 2185 insolenti
377 2119 480 2184 modo·
521 2118 659 2187 Scribas
679 2118 796 2202 igitur:
818 2114 906 2206 ὕβρει
928 2118 1185 2204 otmundum

92 2224 288 2304 ἐπαμπέχειν
307 2216 482 2303 ίβουλοντο
502 2241 533 2283 ιι.
556 2242 584 2282 τ.
605 2221 633 2283 λ
655 2237 696 2284 ea
717 2218 752 2285 vi
774 2225 810 2284 ul
839 2219 905 2284 sit:
950 2224 1186 2308 superbiae

92 2323 222 2390 etiam
255 2338 400 2386 vanam
445 2319 743 2404 gloriationem
780 2316 939 2385 addere
977 2324 1187 2394 volebant.

92 2422 180 2489 Nam
201 2426 393 2500 ἐπαμπέχειν
414 2422 544 2506 proprie
567 2426 636 2485 est:
680 2436 806 2504 super
829 2425 952 2486 veste
972 2422 1096 2490 aliam
1115 2427 1185 2493 in·

93 2522 220 2589 duere
248 2527 420 2586 vestem.
463 2521 511 2587 lb.
539 2521 573 2585 in
603 2519 734 2586 verbis:
762 2515 960 2586 ἐκινδύνευσε
986 2527 1103 2606 μικροῦ
1130 2530 1185 2594 aa.

94 2619 210 2689 θόυτα
228 2617 321 2710 [ser.
343 2618 507 2707 ἐλθόντ’)
536 2619 660 2687 ἀνελεῖν
689 2616 790 2685 αὑτὸν
817 2618 1017 2688 Schaelerus
1047 2621 1091 2705 de
1126 2646 1186 2695 suo

93 2725 211 2811 μικροῦ
233 2722 324 2789 dedit
345 2742 403 2807 pro
425 2723 560 2806 vulgato
580 2717 715 2809 μικρὸν,
736 2723 878 2786 atterens
900 2741 928 2788 c.
951 2723 1009 2789 vl.
1030 2733 1114 2791 extr.
1139 2728 1188 2796 At
1253 2727 1264 2745 ”

93 2824 210 2892 eodem
227 2825 302 2908 jure
322 2820 437 2909 μικρόν
457 2823 523 2908 legi
545 2841 644 2908 posse
666 2841 766 2907 supra
781 2822 850 2904 jam
873 2821 1023 2891 vidimus.
1068 2824 1103 2895 (i,
1126 2833 1184 2895 lx.

96 2923 215 2991 1070.
239 2942 268 2990 e.
292 2924 451 2990 vocalium
474 2942 651 2989 concursus
672 2924 736 2988 erit
758 2923 966 2991 excusandus
992 2927 1027 2992 in
1056 2929 1186 2995 verbis:

93 3023 211 3092 Αἰτίαι
232 3025 267 3088 δὲ
286 3025 427 3097 πλείονες
448 3021 547 3088 ἄλλαι
568 3019 622 3088 ὑπ’
648 3021 755 3087 ἄλλων
776 3025 945 3105 λέγονται,
966 3027 1043 3112 quia
1063 3031 1184 3104 verbat

94 3123 195 3190 ἄλλαι
226 3119 279 3188 ὑπ’
311 3121 427 3204 ἄλλοιν
446 3143 510 3190 non
533 3129 610 3209 apte
630 3129 783 3208 poterant
801 3123 953 3209 disJungi.
994 3127 1043 3194 lb.
1069 3129 1186 3199 1070.

93 3225 115 3290 1.
146 3227 181 3291 in
207 3225 339 3290 verbisr
383 3234 452 3300 τοῖς
484 3220 723 3308 στρατεύμασιν
755 3220 953 3312 ἀμφοτέροις
985 3234 1186 3318 παρίσταντο

93 3322 183 3418 [ser.
198 3321 422 3415 παριστανιῗί)
444 3321 542 3407 ὁρμαὶ
564 3325 682 3389 πολλαὶ
704 3329 751 3400 είς
771 3322 873 3391 ταύτὸ
895 3331 1069 3398 συνελθεῖν
1089 3335 1187 3421 vulgo

93 3426 137 3503 ὠς
164 3430 243 3491 ante
269 3429 315 3500 εις
343 3425 480 3508 legitur,
526 3423 611 3511 quud
640 3423 766 3491 Coraes
795 3428 966 3495 asteriscis
993 3431 1123 3500 inclusit
1152 3442 1188 3503 et

92 3525 296 3596 Sobaeierus
319 3525 445 3591 delevit
464 3544 586 3592 memor
608 3524 750 3610 Krdgeri
771 3531 941 3616 praecepti
976 3531 1018 3599 ad
1039 3534 1199 3621 Χουομλι.

93 3627 202 3695 Anab.
226 3626 253 3704 1,
275 3625 312 3706 8,
341 3627 401 3691 10.
424 3625 467 3703 ὠς
488 3627 615 3692 consilii
636 3626 703 3693 vim
725 3626 898 3694 habentem
919 3600 1112 3701 mmssivum
1133 3653 1186 3701 re·

92 3746 226 3815 spuere.
272 3729 319 3792 At
340 3727 453 3792 confer
474 3746 518 3792 ex
540 3726 645 3792 Anab.
668 3727 703 3812 l,
725 3727 765 3806 b,
791 3726 853 3794 10.
883 3737 919 3796 et
945 3730 996 3810 11,
1018 3730 1060 3820 0,
1086 3733 1122 3799 4.
1152 3741 1188 3803 et
1215 3809 1220 3820 ι

89 3829 202 3898 retine
223 3823 283 3914 ὡς,
310 3833 390 3893 ante
411 3829 497 3912 quod
517 3829 652 3894 verbum
674 3827 785 3893 hiatus
805 3829 1084 3912 minus'otieudit,
1113 3835 1188 3918 quia

90 3945 204 4020 pansa
224 3932 289 3994 est.
334 3925 373 3995 C.
396 3931 471 3992 ΧΗ.
501 3927 615 3994 1070.
635 3947 666 3995 a.
687 3948 753 3995 nou
776 3927 924 3996 offendes
945 3929 1030 4014 quod
1053 3933 1187 4000 vocales
1205 3948 1230 4013 f

89 4034 292 4100 concurrunt
313 4030 347 4094 in
368 4029 496 4097 nomine
517 4036 609 4097 certo
630 4036 666 4098 et
687 4029 834 4097 denno:
879 4026 976 4108 ήμσν
1001 4025 1190 4101 Οὐιτελλίου
