2564 4508
568 154 610 168 -
672 117 738 185 400
799 148 843 167 ...

160 285 225 355 ium
245 285 371 355 delevit
391 284 563 373 additque,
599 285 785 367 ἐπιθυμοῦν
803 283 908 351 item<
992 298 995 305 ·
1028 278 1107 349 affl.
1128 280 1230 351 Venti.

165 388 198 450 1.
221 384 258 453 3.
283 386 320 453 3.
351 387 421 454 vor.
441 387 575 454 Jannut.
599 384 740 466 Scirum,
781 384 869 453 unde
894 404 924 451 m
984 382 1071 451 satis
1098 386 1231 471 appumt

160 495 265 555 utrum
286 489 360 555 sine
380 484 429 568 τὸ,
451 508 493 554 an
514 505 586 553 cum
606 485 655 552 τὸ.
698 485 860 573 Equidem
885 493 1001 551 artic
1002 506 1055 551 ..m
1079 482 1231 571 desidera,
1272 524 1276 591 Ι

157 591 233 673 quia
251 586 435 670 ἐπιθυμοῦν
454 608 520 654 nun
540 587 737 673 adjectivum
758 592 814 653 est
834 585 988 651 usitatum
999 632 1011 667 ‚
1052 584 1152 672 quade
1170 584 1232 651 3ο-

156 688 298 768 μοιιδές,
338 694 416 755 unte
438 685 522 775 quud
545 689 705 756 Reiskius
725 687 830 755 minus
850 686 935 753 bene
955 688 1055 753 ctiam
1079 684 1232 753 articulum

157 787 315 873 praetingi
337 790 450 856 veluit
492 788 574 856 Inde
595 790 695 856 etiam
717 789 750 854 iu
771 788 829 875 iis,
849 806 934 873 quae
953 794 1156 903 sequuntur,
1162 784 1232 871 lepi-
1267 794 1270 807 ¹

158 907 249 953 mus·
270 886 475 985 ῦποὸεῦινοοι
496 892 531 955 dd
550 887 610 969 τὴν
630 886 795 977 διαφορὰν
814 885 959 970 μάλιστα
978 888 1020 971 τῇ
1039 888 1102 955 τοῦ
1123 886 1232 971 durate
1273 932 1276 997 ρ

157 994 256 1071 μένον
276 992 333 1055 καὶ
354 992 554 1079 φρονοῦντος
575 986 765 1075 ἀποβάσει,
807 985 887 1074 πρὸς
918 984 957 1053 τὸ
985 988 1172 1071 ἐπιθυμοῦν
1186 986 1241 1051 aad·

153 1087 377 1169 -θνμοῦμινομ
417 1091 459 1158 Si
479 1090 599 1157 deinde
620 1091 780 1191 pergitur.
801 1084 884 1155 ὥστε
903 1089 998 1175 ἕτεροι
1016 1085 1108 1155 εἶναι
1123 1080 1233 1153 πολλοὶ·

150 1204 208 1264 'urg
230 1185 438 1257 ἀπειθοῦντα
458 1184 769 1273 antecantamenta
788 1185 868 1275 πρὸς
887 1186 927 1255 τὸ
946 1190 1136 1277 βέλτιστον,
1169 1186 1233 1271 Im
1269 1238 1272 1243 -

51 1300 54 1310 ·
157 1287 296 1356 Reiskiu
313 1292 382 1374 jam
402 1292 495 1378 ἕτεροι
516 1291 574 1358 ririt
595 1298 792 1376 suspectum.
836 1291 912 1355 Nun
935 1290 1021 1356 enim
1035 1294 1143 1377 patet,
1162 1296 1233 1403 ppu-

157 1388 252 1454 mudu
266 1388 355 1479 inde,
376 1390 460 1478 quod
481 1411 574 1458 meus
596 1397 632 1456 et
652 1391 736 1456 ratio
758 1396 872 1456 contra
892 1388 1105 1476 cupiditatem
1126 1388 1189 1457 ct
1179 1404 1234 1453 rru-
1270 1402 1272 1407 ·

157 1488 304 1555 cundiam
325 1499 464 1577 pugnet,
485 1499 658 1578 sequatur,
687 1490 786 1557 etiam
806 1490 871 1557 aliu
891 1508 983 1578 csse,
1003 1506 1089 1576 quac
1108 1488 1234 1577 optimae

158 1588 377 1658 adversentur
397 1593 492 1680 parti.
536 1593 700 1660 Fuehsius
721 1592 821 1676 igitur
841 1591 1001 1674 conjecit.
1021 1586 1121 1655 uiuus
1127 1582 1234 1705 οτιρῶ

157 1688 369 1758 εἶναιπολλὰ
388 1697 445 1759 uui
467 1691 715 1760 macedonianae.
730 1693 804 1757 τ..λ
848 1693 895 1757 At
917 1691 993 1757 mini
1014 1690 1116 1757 multu
1127 1688 1234 1759 veriti·
1273 1702 1276 1711 '

158 1790 264 1856 mitius
277 1811 355 1858 esse
369 1794 515 1882 videtur,
530 1791 670 1878 ἕτεροι
634 1816 717 1858 ιιννιι
730 1811 795 1858 οοο
809 1810 887 1858 esse
901 1810 923 1857 a
935 1790 1114 1859 Plutarcho
1135 1784 1235 1879 prute-

158 1896 262 1970 ctum,
293 1892 354 1959 sed
376 1913 448 1960 eum
469 1894 656 1980 perrexisse
677 1900 754 1978 pust
775 1888 1003 1979 θυμούμενον,
1027 1888 1073 1969 ῦς
1093 1886 1235 1965 πολλάκις
1274 1936 1276 1951 .

158 1987 366 2060 ἀπειθοῦντα
387 2018 461 2061 ιιι.
480 1997 511 2061 λ.
537 1999 680 2060 contra
707 1993 980 2079 cupiditatem
1006 1998 1049 2059 et
1076 1992 1236 2061 iracun-

159 2091 265 2160 diam
286 2101 328 2160 ut
348 2114 473 2182 saepe
495 2095 792 2161 adversantes
836 2092 872 2160 C.
894 2093 954 2159 1v.
968 2090 1062 2157 443.
1081 2092 1237 2161 euentu

157 2190 202 2270 ὡς
222 2191 312 2278 τίνοι
332 2201 447 2278 εἰπεῖν,
468 2202 503 2261 ut
524 2194 690 2278 vuigarem
710 2194 840 2261 dicendi
852 2196 1011 2263 rationem
1023 2214 1150 2282 usuque
1164 2192 1238 2261 atu

158 2293 277 2373 tritam,
290 2295 337 2363 ita
351 2296 411 2362 ut
402 2317 435 2362 ru
448 2315 489 2362 ea
503 2296 612 2362 hiatus
628 2297 732 2362 minus
745 2295 936 2384 offenderet,
956 2314 1022 2362 uun
1035 2294 1237 2363 tentaverim.

159 2393 198 2460 C.
210 2396 250 2460 V.
264 2393 357 2461 443.
370 2419 401 2465 e.
416 2402 450 2465 in
465 2399 594 2468 verbis·
611 2402 679 2464 ἔστι
692 2390 1267 2487 zotaov(itastuusenn111,ttd

158 2495 278 2562 οΗΒοο
302 2497 404 2565 RE.
430 2502 546 2568 Venet.
563 2499 598 2565 3.
619 2502 695 2584 Xyl.
717 2498 806 2563 Men.
829 2498 941 2612 Wytt.
962 2496 1080 2563 Reisk
1103 2496 1192 2585 prud.
1209 2500 1240 2563 ct
1272 2418 1276 2567 1.

157 2596 251 2663 Hutt.
273 2618 334 2685 pru
355 2601 440 2684 vulg.
412 2605 509 2666 σέτι
529 2595 661 2688 τοίνυν)
690 2599 754 2663 τῶν
775 2595 974 2685 πραγμάτων
992 2594 1037 2663 τῦ
1055 2599 1117 2681 μὲν
1134 2596 1276 2673 datar
1273 2592 1276 2629 ¹

157 2693 228 2789 (ita
248 2699 343 2765 Hntt.
366 2707 400 2767 et
395 2701 524 2817 v.Wytt
537 2698 664 2766 eStnb
679 2699 769 2785 preb.
784 2688 1240 2815 R.pruvuigduuce'1'urp.
1274 2722 1276 2729 ·

157 2805 225 2864 not.
248 2798 369 2876 οῦντοις,
391 2796 491 2882 ὅμως,
515 2797 654 2889 ὁμοίως)
676 2803 803 2878 ἔχοντα,
823 2795 868 2864 τὰ
885 2799 920 2865 dd
940 2801 1007 2875 νοῦς
1026 2802 1150 2878 ἔχοντα
1168 2794 1239 2887 πρὸς

158 2894 258 2981 ἡμᾶς
300 2897 409 2977 ἁπλοῦς
427 2902 486 2983 μὲν
508 2890 567 2966 οῦν
587 2903 723 2978 ἔχοντα,
750 2901 808 2981 γῆ,
836 2894 992 2987 οῦροινῦς,
1020 2896 1156 2988 ἄστρα,
1171 2894 1239 2967 θῦ-

157 3001 298 3066 λοιοοιμ
322 3003 388 3078 ποῦς
409 3002 443 3067 δῦ
464 3008 547 3082 (scr.
568 2996 620 3080 δ’)
640 3002 760 3078 ἔχοντα
780 2995 859 3086 πρὸς
879 2994 978 3081 ἡμᾶς,
1000 2994 1155 3087 eirardus,
1181 3020 1240 3065 urv-

157 3099 235 3167 κόν·
256 3099 402 3188 αἱρετὸν,
425 3097 581 3189 φευκτόν·
612 3097 688 3188 ἡδὺ,
709 3096 875 3181 ἀλγεινόν·
902 3097 1031 3187 ἀμφοῖν
1051 3099 1087 3165 dd
1106 3101 1168 3165 τοῦ
1186 3094 1239 3165 ti-

157 3225 220 3285 γου
240 3204 443 3290 θεωρητικοῦ
465 3201 567 3280 ὄντος,
589 3199 628 3265 τὸ
648 3201 706 3280 μὲν
726 3201 796 3286 περὶ
816 3196 860 3264 τὰ
881 3197 990 3277 ἁπλοῖς
1010 3195 1240 3283 ἔχοπαμῦιοτ

157 3302 277 3384 (Turn.
292 3304 329 3367 V.
341 3307 467 3385 μένον),
488 3297 732 3382 ἐπιστημονικὸν
750 3300 807 3364 καὶ
823 3295 1026 3385 θεωρητικόν
1045 3306 1134 3367 ἐστι·
1154 3296 1193 3365 τῦ
1211 3294 1238 3365 ῦ

157 3408 192 3469 ἐν
212 3412 282 3480 τοῖς
302 3405 368 3479 πῶς
389 3406 500 3480 ἔχουσι
521 3397 600 3488 πρὸς
620 3397 720 3482 ἡμᾶς,
751 3396 960 3485 βουλεντινιῦν
980 3403 1040 3465 aaut
1059 3394 1241 3487 πρακτικόν·

156 3505 214 3569 ina
226 3506 287 3568 τοῦ
301 3500 401 3584 λόγον
413 3502 615 3588 θεωρητικοῦ
627 3498 720 3577 ὄντος
733 3499 908 3566 offendunt·
925 3499 1068 3567 Latinus
1083 3501 1242 3589 interpam

156 3605 260 3672 vertit
287 3602 430 3690 quidem:
474 3603 613 3668 horum
641 3608 857 3687 utrumque
889 3620 973 3667 cum
1011 3600 1243 3671 consideret

156 3703 360 3771 doctrina.
383 3706 429 3769 At
444 3723 540 3790 quum
553 3704 633 3768 mire
645 3703 730 3768 haec
745 3708 860 3770 essent
871 3702 1043 3787 expressa,
1056 3720 1131 3767 cum
1141 3700 1244 3789 patius

157 3804 358 3889 significent:
401 3806 621 3889 utriusque
642 3801 834 3869 doctrina
855 3803 930 3869 sive
950 3802 1061 3869 ratio
1082 3820 1172 3871 cum
1192 3800 1244 3869 ait

158 3905 501 3992 contemplativa,
523 3905 700 3970 alterum
722 3891 1110 3993 contemplativum,
1136 3902 1244 3971 aite-

159 4025 240 4074 rum
262 4006 444 4074 activum
467 4011 544 4074 est.
579 4001 671 4088 Quae
684 4004 748 4070 sibi
761 4003 845 4092 ipsis
860 4008 937 4070 sunt
952 4002 1129 4073 οοοῐιοοίο.
1150 4000 1247 4091 ijvt
1270 4060 1276 4075 .
