2564 4508
466 124 845 213 ..ριιο..Ι

53 295 269 364 accusativus
303 312 401 361 rusus
436 294 543 358 teneri
576 290 724 377 potuisse
754 287 844 376 παρά
870 292 930 372 μέν
956 288 1162 374 turlecoso·

54 400 119 480 (ita
141 397 215 464 cod.
239 395 282 460 G.
290 444 299 477 ‚
322 394 382 459 sed
405 394 456 459 ed.
483 392 516 455 1.
541 393 625 475 Aug.
648 393 732 475 Beg.
754 391 793 454 F.
816 395 956 457 Vesuui.
977 389 1035 456 τὸν
1059 398 1152 458 ἑταῖ-

57 521 115 584 ρον
142 494 296 576 habent).
345 493 448 574 Quum
478 494 751 557 constructionem
779 492 1032 576 praepositionis
1060 490 1152 577 παρὰ

15 666 18 682 ι
58 618 129 663 cum
151 602 298 662 accusat.
321 615 379 680 pro
402 594 515 658 dativo
535 593 738 678 frequentem
759 593 844 676 opud
867 593 983 677 poi'rtus
1005 598 1040 658 et
1066 592 1185 678 upud''

58 698 237 764 Homerum
259 695 427 781 inprimis,
474 713 515 758 ne
538 686 644 758 soluto
664 694 792 778 quidem
813 699 1010 777 aspernatur
1032 688 1162 757 curtio·¹

34 792 39 801 ’
59 796 165 864 Simili
188 803 280 862 certe
302 796 427 860 ratione
448 793 606 880 Polybius
627 798 695 874 XI,
721 791 787 871 14,
810 791 846 857 3.
868 803 976 873 μεῖναι
996 791 1066 875 παρ’
1092 789 1169 859 ctri-¹

59 897 116 963 τὸν
144 896 261 963 dixit.‘⁵
298 899 395 976 XVI,
426 892 489 959 12·
520 895 647 978 corrige
674 890 733 958 δύο
754 891 774 973 ἢ
796 899 830 959 et
854 891 916 960 13.
944 888 1152 972 ἐννενήκοντα

59 1001 148 1063 έτιῑικ.
204 1060 208 1067 ,
371 1014 375 1021 ·

143 1094 226 1183 Cup.
240 1101 361 1184 XVII,
382 1095 419 1160 4.
442 1097 475 1161 in
497 1094 627 1162 verbis:
670 1093 753 1160 εἶναι
775 1097 809 1162 δέ
829 1098 890 1161 τοῦ
910 1098 968 1179 μέν
987 1093 1092 1162 τόπου
1111 1092 1151 1161 τὸ

59 1195 225 1278 διάστημα
246 1197 285 1261 or'r
305 1200 401 1262 κλείω
423 1199 488 1261 τῶν
515 1193 675 1278 τεττάρων
702 1199 760 1260 καὶ
787 1198 866 1260 δέκα
893 1199 1034 1261 σταδίων
1065 1198 1150 1281 Aug.

62 1298 168 1382 uegg.
184 1295 275 1362 KG.
293 1301 432 1363 Vesont.
449 1299 600 1381 ignorant
622 1292 670 1374 οὐ,
692 1296 776 1381 quod
799 1295 872 1361 edd.
895 1297 1026 1362 hubent
1068 1297 1154 1362 Pot-

63 1407 136 1465 erot
160 1398 258 1464 Incite
279 1398 466 1479 absorberi,
509 1399 538 1462 si
561 1398 740 1481 antiquitus
760 1398 835 1462 sivo
864 1394 894 1460 δ
919 1395 958 1460 οὐ
989 1401 1066 1462 anto
1093 1396 1155 1460 rori

62 1502 119 1581 μέν
141 1500 217 1565 sive
239 1486 393 1579 διάστημ’
416 1496 456 1562 οὐ
478 1499 632 1583 scriptum
654 1505 735 1561 erut.
778 1496 814 1563 C.
837 1501 942 1581 XIX,
965 1494 1000 1561 2.
1024 1498 1153 1580 corrige

62 1601 95 1663 δὲ
123 1597 348 1674 ὀκτακοσιους.
392 1599 439 1663 lo.
463 1599 498 1664 3.
529 1619 614 1664 nunc
644 1599 726 1662 haec
754 1597 922 1680 legunturz
954 1594 1039 1679 ὅμως
1065 1599 1166 1676 πεζοὶ,

63 1701 118 1780 μέν
146 1696 455 1784 άκολειφδὴσονται
481 1695 740 1784 τετρακισμύριοι
769 1699 947 1780 δισχίλιοι,
991 1699 1098 1780 [i‘rrrcor
1119 1699 1155 1763 ot
1263 1689 1266 1697 ’

63 1801 350 1879 πευτακισγέλιοι,]
381 1799 441 1864 sed
464 1800 566 1864 verba
588 1800 678 1863 i'rrrroe
700 1799 734 1862 δὲ
753 1801 1008 1877 πεντακισχίλιοι
1030 1819 1050 1865 o
1072 1798 1159 1864 con?

61 1903 191 1984 jectum
217 1899 370 1977 Reiskii,
417 1909 586 1986 postquam
623 1899 706 1964 idem
730 1903 798 1983 jum
826 1900 929 1965 voluit
958 1898 1155 1980 Gronovius,

64 2008 140 2064 sunt
169 1999 292 2065 addita.
352 1999 566 2065 Cusaubonus
593 2001 696 2067 voluit
715 2003 857 2086 equitum
887 2008 1022 2084 qrrotuor
1043 2001 1162 2066 millius

64 2101 204 2166 Faciens
226 2120 297 2164 cum
319 2099 457 2164 Reiskio
478 2100 615 2183 conjicio
634 2103 888 2176 πεντακισχίλιοι
910 2095 938 2163 δ
960 2101 1051 2165 ίιικοι
1067 2101 1153 2165 scri-

64 2209 152 2286 ptum
183 2200 286 2265 fuisse
296 2246 309 2286 ,
352 2200 503 2284 quamvis
524 2201 556 2262 in
578 2200 719 2262 numeris
742 2200 851 2265 hictus
872 2201 977 2265 minus
998 2194 1153 2266 offendet.
1258 2257 1264 2263 .

65 2301 100 2368 8.
123 2304 253 2385 corrige
267 2303 424 2365 δδτῖκοσι.
446 2305 522 2386 XX,
546 2299 580 2364 2.
602 2297 683 2365 ὥστε
697 2302 755 2363 ἐπὶ.
776 2304 869 2377 XXI,
885 2301 921 2364 5.
944 2320 1007 2366 non
1024 2299 1153 2368 offendo

66 2404 95 2470 in
110 2400 237 2482 δεξιοῦ·
258 2406 305 2465 έτι
318 2402 360 2465 δὲ.
403 2398 443 2466 Si
464 2403 549 2466 eninr
573 2419 643 2465 cunr
655 2400 845 2484 Schweigh.
869 2406 945 2484 post
966 2399 1042 2476 τοὺς
1064 2404 1165 2468 inse-¹

64 2509 109 2573 ris
131 2507 166 2571 δέ
188 2505 312 2590 (potius
334 2501 403 2583 δ’),
426 2503 507 2568 hoec
528 2503 574 2567 itu
595 2503 682 2566 inter
705 2521 744 2566 se
764 2501 958 2566 cohaerent:
1001 2503 1058 2568 καὶ
1078 2498 1156 2566 τοὺ-·

65 2630 122 2671 του
144 2607 224 2686 (τοῦ
245 2601 367 2686 μήκους
387 2606 442 2680 τῆς
463 2601 652 2688 φάλαγγος]
675 2609 770 2688 μέρος
789 2608 848 2682 μέν
861 2625 892 2664 τι
906 2597 984 2683 πρὸς
997 2596 1154 2683 θαλάττῃ

65 2705 166 2792 (quod
197 2704 250 2768 hic
277 2701 491 2768 Cusuubouus
520 2709 595 2788 post
621 2694 822 2788 Xyiundruni
854 2701 991 2766 Iucunoe
1027 2701 1156 2786 signum

63 2807 183 2892 posuit,
203 2805 308 2869 minus
331 2805 460 2890 probo),
482 2802 557 2879 τοὺς
578 2798 606 2868 δ’
628 2798 759 2885 ἡμισέας
780 2803 831 2867 ἐπὶ
847 2788 911 2865 ’τοῦ
932 2790 1053 2879 δεξιοῦ·
1076 2807 1155 2886 post
1190 2804 1192 2809 ’

64 2906 148 2992 qnod
170 2905 306 2971 verbum
329 2904 448 2970 deiude
470 2904 628 2989 quaedum
651 2904 804 2969 videntur
819 2920 898 2968 esse
913 2903 1047 2967 omIssa.
1072 2901 1152 2988 Cup.

63 3010 194 3089 XXIII,
230 3003 262 3067 1.
293 3005 418 3070 verbo:
460 3002 566 3068 Κατά
594 3007 654 3069 τοι]
678 3001 826 3091 Ἐφόρου
854 3003 975 3088 quippe
1001 3003 1034 3067 in
1061 3004 1154 3069 initio

63 3105 236 3191 fragmenti
260 3106 368 3189 positu
396 3106 438 3171 ab
466 3106 632 3186 eciognrio
663 3094 820 3189 originem
851 3105 974 3169 ducere
1004 3102 1154 3194 dixerim,

62 3207 215 3292 idemque
237 3207 404 3271 statuerim
426 3210 542 3281 XXV,
569 3203 600 3270 1.
623 3205 665 3271 do
688 3206 818 3272 verbis:
840 3202 1012 3289 τοῦπαρὰ
1035 3204 1156 3270 Φαλά-

63 3308 152 3391 ριδοι,Ι
174 3308 504 3382 κατασκευασθέντος
525 3313 559 3371 ἐν
577 3292 791 3390 Ἀκράγαντι,
812 3312 857 3382 τίς
878 3304 932 3385 ὃν,
958 3305 1156 3391 ουλὸἱηίλίο

63 3407 239 3490 fragmenti
262 3407 466 3489 legunturet
488 3408 602 3473 sinon
630 3408 765 3496 additu,
807 3411 1048 3499 certemutoto
1076 3420 1171 3471 esso·

63 3507 227 3576 videniur.
252 3503 287 3585 2,
306 3506 414 3571 scribe
441 3503 521 3572 ὥστ’
547 3526 606 3592 pro
633 3505 715 3574 ὥστε
741 3515 819 3574 onte
842 3511 1101 3590 έκπυρυυμένου.“
1120 3502 1165 3569 δι’

61 3628 106 3676 ne
128 3606 259 3673 offendo
276 3607 389 3677 ,ἰυκαὶ
411 3613 521 3693 ἑτέρας
542 3628 628 3674 neve
652 3608 687 3673 7.
709 3610 740 3673 in
762 3611 819 3674 καὶ
833 3609 981 3690 ἐλκοστῇ.
1025 3607 1171 3692 Incep·
1226 3661 1229 3671 ,

62 3712 190 3774 XXVI.
211 3707 320 3792 piures
344 3707 471 3794 rpridem
493 3711 698 3795 reperiuntur
717 3710 835 3796 hiatus,
854 3708 915 3775 sed
934 3708 1080 3774 editores
1087 3709 1172 3792 jorn·

62 3805 219 3876 viderunt
242 3808 347 3874 verbo
365 3830 428 3874 non
449 3830 526 3875 esse
547 3810 684 3901 I'oiybii.
728 3811 840 3895 Leges
856 3818 968 3876 'autern
990 3808 1024 3872 1.
1047 3813 1081 3872 οἱ
1102 3805 1167 3894 ὄρ·

60 3911 166 3984 υιθις.
193 3904 227 3973 2.
250 3912 355 3973 κακοῦ
384 3908 496 3976 οὐδενὶ.
527 3910 561 3974 3.
592 3912 638 3994 τῴ
661 3909 758 3993 {Ionii
790 3909 826 3982 θ.
847 3913 889 3994 τῇ
916 3908 1030 3992 ὑγιεία.
1062 3903 1179 3993 ·Οέψ.,Δ

57 4013 212 4089 XXVII,
236 4005 272 4074 9.
296 4029 360 4076 non
382 4018 436 4076 est
458 4011 606 4093 dubium,
648 4013 725 4097 quin
748 4013 918 4094 συμβαίνει
939 4010 990 4075 tui
1012 4009 1158 4095 ἰατρικῆς
