2564 4508
61 299 230 382 necod-
258 301 364 368 Pelet.
395 298 495 381 αὐτῆς
522 309 576 370 est
601 265 853 390 reeipiendou
889 301 975 391 quud
1003 305 1101 373 etium

60 403 191 473 taciem
215 403 382 489 perplueet
409 404 557 470 afferenti
585 423 629 470 ex
657 424 729 490 οερ
750 403 841 470 xiv.
870 401 1102 488 Κᾶρα-πά·

61 527 78 580 ς
103 503 140 584 ἐξ
169 500 357 587 ἀβελτερίας
384 511 531 583 κατέσχε.
583 501 622 579 (Ξ.
652 503 747 570 XIX.
775 501 890 570 1021.
918 505 949 570 b.
977 525 1035 591 ρτο
1057 502 1107 571 Ἡ

60 631 72 669 ι
97 607 192 687 Γίγις
224 600 326 680 οὕτως
355 601 505 671 ἀπέθανε
536 623 579 670 ex
608 625 668 670 usu
690 604 858 670 Plutarchi
881 600 932 670 ‘H
954 606 1012 687 μὲν
1044 594 1103 672 οὖν
1222 632 1225 640 ·

60 729 90 772 τ.
112 707 143 770 λ.
167 710 240 770 erut
260 705 475 771 scribendum.
520 704 558 770 C.
581 704 691 774 ΧΧΙΙ.
717 701 832 771 1099.
853 704 887 771 b.
916 704 950 772 iu
970 705 1101 786 verbim

60 809 90 870 ιί
117 826 195 870 ποτε
216 801 326 890 λαβὼν
347 806 405 870 ἵνα
433 805 498 870 τόν
525 801 676 869 ἀνθινῶν
704 803 877 892 στεφάνοιν
890 807 961 872 ,καὶ
986 803 1104 891 βάψας

75 902 180 992 μόρον
201 902 239 970 τὸ
260 908 534 971 πολυτελέστατον
561 902 627 970 ἀπό
652 906 782 971 δείπνου
808 908 932 989 ἔπεμψε
959 907 1005 989 τῷ
1029 902 1104 972 'Av-

59 1007 168 1087 ἰιίδηι·
191 1005 363 1090 Xyiunder
384 1010 459 1089 post
481 1007 611 1070 δείπνου
631 994 841 1092 interpungit,
863 1011 899 1071 ut
919 1005 1104 1073 tumetium

59 1113 90 1172 te
111 1103 151 1170 τὸ
173 1109 320 1172 πολυτελ.
343 1106 614 1189 interpunxerim‚
636 1113 672 1170 ut
693 1106 854 1172 reseratur
875 1101 920 1172 ud
947 1104 1050 1190 μύρον
1070 1111 1106 1172 et

59 1205 182 1272 utentia
203 1207 267 1271 sit·
287 1207 322 1271 in
343 1211 540 1290 unguentum
562 1225 646 1291 quae
668 1206 906 1291 pretiosissima
927 1212 1000 1272 erut
1013 1226 1034 1272 e
1048 1225 1105 1273 re·

59 1326 73 1372 s
103 1325 208 1392 quue
204 1323 237 1369 ιι
264 1324 365 1370 coena
392 1305 476 1370 mitti
504 1313 652 1391 possent
693 1305 804 1370 Meiim
834 1312 943 1375 tumen
973 1303 1106 1371 ἀπόδου·

59 1431 93 1472 ον
115 1405 198 1490 legi,
220 1405 253 1470 id
274 1411 346 1471 est·
388 1405 658 1490 pretiosissimum
680 1405 831 1492 quiddam
853 1405 937 1492 quod
959 1425 981 1472 ιι
1001 1425 1106 1474 coena

61 1507 170 1592 iquum
191 1511 273 1571 erut.

117 1603 226 1670 Erunt
247 1605 374 1690 igitur
365 1626 399 1671 m
421 1605 483 1672 hue
504 1606 576 1673 vitu
596 1606 737 1692 quinque
766 1605 875 1672 hiatus
909 1605 1043 1673 tuiiendi
1071 1613 1106 1674 et

77 1706 121 1771 iis
135 1712 213 1770 tres
234 1700 285 1795 (c
301 1705 329 1769 Ι
347 1704 406 1769 XI
429 1701 529 1796 XV.)
550 1707 695 1773 codicum
716 1708 924 1793 auctoritate,
944 1713 979 1774 et
1000 1707 1062 1775 duo
1085 1727 1105 1775 e

58 1808 223 1891 ujeeture,
266 1825 398 1890 quorum
422 1807 507 1872 aiter
536 1807 602 1874 ulie
630 1807 673 1879 de
702 1827 802 1874 ceusu
830 1808 915 1874 sutis
949 1808 1106 1894 prnbnbili

58 1900 205 1995 .x1v.),
226 1905 311 1972 uitet
333 1911 466 1990 propter
487 1907 646 1973 vocalium
667 1927 856 1974 concursum
878 1909 982 1992 ipsun
995 1926 1105 1974 emen-

58 2005 146 2072 ndus
177 2023 255 2072 esse
285 2004 601 2073 videbatur.'1'res
629 2008 734 2074 minus
762 2006 996 2093 offendebant,
1032 2007 1108 2092 quie

59 2105 169 2171 cusani
190 2109 343 2190 poterant
370 2101 422 2195 (ο.
445 2111 502 2175 111
526 2115 561 2173 et
581 2104 717 2196 ΧΙΧ.),
745 2106 807 2174 sed
833 2108 908 2173 aliis
929 2108 972 2174 de
993 2107 1103 2173 causis

58 2204 214 2272 iebantur
235 2206 438 2292 corrigendi,
462 2214 497 2272 et
519 2226 621 2292 unus,
643 2207 717 2291 quie
737 2207 1000 2293 interpunctione
1027 2213 1107 2293 pot·
1222 2247 1224 2250 -

58 2313 89 2373 ut
110 2305 244 2372 tulino
354 2302 415 2392 Ι..)

101 2402 143 2471 in
164 2305 351 2471 vit[ucXXJ
256 2404 459 2472 Demetrii
487 2423 516 2469 ο.
539 2408 599 2470 Vl.
623 2398 771 2470 ΒΘΗ).
742 2404 933 2470 bverbu.
976 2406 1107 2472 Πτολε-

57 2517 117 2572 κ”ον
137 2503 237 2586 μὲν’
217 2509 380 2588 αγενειους
399 2502 589 2583 νενικηκότα
619 2507 683 2591 ἔφη
709 2506 768 2571 νῦν
797 2492 901 2582 αὖθις
927 2506 1107 2587 διαγωνιεῖ-

57 2609 107 2672 tm
136 2604 215 2693 πρὸς
242 2605 385 2693 ἀνδραςἰ
423 2606 581 2671 Reiskius
606 2606 675 2688 jem
702 2623 722 2671 e
747 2604 840 2672 Vule.
867 2610 902 2672 et
927 2605 1033 2670 Anon.
1062 2608 1110 2672 itu

60 2706 173 2784 deret,
201 2706 296 2772 medo
326 2711 360 2770 ut
391 2712 467 2790 pust
493 2707 552 2770 νῦν
577 2705 841 2792 interpungeret‚
868 2724 927 2792 ριο
955 2705 1108 2790 vulgatus

57 2803 226 2884 νικηιιότα,
249 2811 321 2890 ἔφη,
347 2807 416 2882 νῦν,
444 2794 547 2881 αὖθις
573 2802 605 2870 δ’
630 2802 859 2888 ἀγωνιεῖσθαι.
902 2803 977 2892 Ego
999 2813 1109 2876 umen

57 2908 188 2991 ugatmn
210 2906 320 2991 probo,
342 2924 415 2970 nem
436 2899 636 2983 νενικηκότα,
659 2925 795 2992 quocum
816 2908 875 2972 νῦν
896 2912 950 2972 est
971 2907 1109 2990 cunjun-

57 3009 182 3094 mdum,
202 3007 288 3072 iuter
309 3025 392 3091 quae
412 3009 475 3093 ἔφη
496 3024 555 3091 pru
577 3024 667 3071 more
689 3006 914 3092 interpositum
936 3014 1006 3086 est,
1024 3007 1110 3072 idem

57 3115 76 3174 u
87 3107 174 3194 quud
184 3104 373 3184 νενικηκότα
390 3103 485 3186 εἶναι,
502 3105 586 3190 quod
600 3105 731 3171 verbum
746 3111 880 3192 propter
892 3103 1110 3189 ἀγωνιεῖσθαι

56 3206 107 3273 iod
131 3207 286 3291 sequitur,
310 3206 462 3270 omissum
485 3211 548 3282 est,
572 3211 608 3269 et
627 3223 686 3291 ρει
706 3207 764 3287 μὲν
787 3211 822 3271 et
842 3206 877 3270 eu
899 3225 1027 3292 pugnae
1039 3225 1111 3273 eum

56 3306 220 3372 iberbibus
241 3313 274 3371 et
298 3325 425 3390 pugnae
448 3326 519 3374 eum
540 3307 623 3372 viris
651 3306 714 3372 sibi
742 3311 819 3373 sunt
848 3307 1031 3392 oppositae.
1075 3303 1112 3373 0.

56 3408 117 3472 ΙΙΙ.
140 3403 231 3472 892.
253 3425 283 3471 ε.
302 3407 336 3472 in
357 3407 488 3473 verbist
530 3416 684 3489 πέμψειεν
705 3402 806 3472 αὑτὸν
827 3402 846 3471 ὁ
867 3403 972 3492 πατὴρ
993 3401 1112 3489 ἀγαθῇ

56 3529 105 3590 ιχῃ
132 3502 332 3583 Ἀθηναίους
365 3503 628 3590 ἐλευθερώσοντα
660 3507 717 3570 καὶ
752 3501 810 3582 τὴν
836 3502 985 3591 φρουράν
1012 3506 1116 3589 ἐκβα-

56 3608 145 3671 ιῖιντα
174 3608 230 3669 καὶ
258 3605 334 3680 τοὺς
362 3603 481 3687 νόμους
507 3605 619 3682 αὐτοῖς
644 3609 702 3671 καὶ
728 3603 786 3684 τὴν
818 3602 956 3692 πάτριον
982 3601 1114 3672 ἀποδώ-

56 3729 126 3772 ιντα
147 3709 321 3771 πολίταιν.
343 3708 448 3773 retine
470 3707 637 3790 vulgatum
658 3704 770 3786 αὐτὸν,
792 3703 913 3779 hiatum
934 3712 1041 3773 eutem
1055 3723 1114 3770 ex-

56 3826 124 3892 isu,
167 3806 241 3891 quin
274 3812 349 3892 post
379 3804 462 3890 τύχη
490 3826 592 3893 pensu
620 3815 675 3875 eat
705 3813 740 3874 et
767 3824 809 3872 eu
830 3824 915 3891 quue
937 3808 1115 3890 sequuntur

56 3905 260 3973 iudummndn
283 3906 465 3993 explicant,
492 3927 549 3975 eur
570 3905 691 3991 ἀγαθῇ
711 3903 795 3989 τύχη
824 3908 946 3972 missus
972 3903 1068 3973 sit...
1076 3902 1116 3971 C.

55 4012 92 4095 ί.
105 4004 198 4074 892.
221 4006 253 4072 d·
275 4006 308 4073 in
330 4005 458 4075 verbim
488 4009 560 4075 Τοῦ
580 4006 797 4095 δδΦαληρέοις
817 4005 873 4070 διὰ
894 4000 953 4082 τὴν
972 4003 1116 4088 μεταβο-
