2564 4508
555 128 726 195 -ars
788 164 954 221 ψ,-

70 307 72 312 ·
151 287 257 360 diuum
277 290 355 359 vat.
376 298 412 360 et
431 292 519 360 llor.
541 295 734 381 scripturam
750 292 890 387 Ὀρῆτες,
924 312 1114 383 quamquam
1126 240 1242 363 'nemo
1269 346 1272 353 .

151 393 213 462 bos
233 392 342 477 novit,
370 395 434 460 uisi
455 396 523 460 sint
543 395 641 464 iidem
662 399 717 486 qui
734 394 894 483 Ὠρετααοὶ
916 394 1089 477 Straboni,
1116 396 1242 465 Ptolo*

19 576 24 582 ι
149 488 260 573 mato,
288 494 393 561 Plinio
414 496 566 580 audiunt,
592 518 724 585 quorum
745 507 842 584 caput
862 498 921 564 tuit
939 495 1041 584 Ὡριά.
1083 495 1132 573 lot
1159 503 1241 565 sunt

111 608 117 619 ’
153 591 290 663 Oretani
317 597 417 663 vieini
447 596 627 682 Olcadum,
669 618 750 685 quos
776 598 922 686 proxime
949 592 1106 665 memorat
1131 598 1241 687 Poly-

70 762 73 767 .
150 694 236 763 bias.
283 694 445 781 Ὀρηταιιοὶ
472 698 502 764 b.
532 698 553 763 l.
581 700 753 785 legendum
780 700 966 786 suspicatus
994 707 1048 766 est
1074 700 1241 791 Heynins,

150 799 285 865 eosdem
307 796 472 867 Oretanos
492 799 687 886 intelligens.
712 801 777 893 ⁴Sia
797 820 879 867 vero
900 803 1013 869 mirum
1033 800 1139 869 rideri
1159 808 1240 891 pot·

150 905 230 980 est,
270 918 326 965 eor
353 898 486 983 adjiciat
508 898 646 987 Ἴβηρες,
690 898 946 989 qnandoquidem
974 921 1131 990 nusquam
1160 903 1239 970 alibi

152 999 305 1082 Oretani,
327 1008 461 1088 praeter
481 1002 543 1068 bos
564 1003 597 1069 in
618 1002 779 1089 Hispania
786 1036 808 1091 ,·
824 1010 1049 1070 memorantur.
1090 1005 1147 1072 An
1168 1006 1237 1093 igi-
1262 1026 1265 1031 ·

150 1108 203 1169 tur
221 1101 349 1192 Ὀρὴται
370 1103 426 1170 vel
446 1099 568 1188 Ὀρῖται
589 1101 790 1191 ααῐὈρεῖται
810 1104 944 1190 scripsit
956 1103 1113 1191 Polybius
1135 1100 1237 1197 (sivo

149 1223 211 1290 per
230 1228 257 1269 m
274 1203 425 1291 Ὡρῆται,
442 1201 598 1288 Ὠρεῖται,
638 1199 785 1295 Ὼρῖται)
817 1204 950 1271 eosdem
977 1203 1108 1288 dicens,
1152 1226 1237 1295 quos

148 1306 204 1372 alii
225 1303 389 1374 Oretanos
410 1311 446 1373 et
461 1303 582 1394 Ἴβηρες
602 1307 736 1394 adjecit,
763 1313 799 1372 ut
818 1311 983 1385 moneret,
1010 1326 1076 1373 non
1097 1308 1236 1375 eonion-

148 1406 275 1475 dendoo
295 1407 356 1475 bos
377 1425 456 1474 esse
477 1426 547 1473 oum
566 1405 736 1496 Ὠρείταις,
771 1404 851 1474 Orei
876 1407 1010 1493 ineolis,
1039 1409 1129 1476 urbis
1159 1406 1237 1475 lto-

148 1507 268 1589 boeae,
309 1529 442 1596 quoram
462 1509 605 1574 meminit
630 1507 786 1593 Polybius
806 1507 873 1586 Xl,
895 1504 940 1587 6,
961 1505 1017 1598 8.,
1058 1509 1135 1577 sive
1160 1528 1234 1577 enm

149 1611 270 1677 celebri
290 1610 402 1677 ludica
423 1610 540 1697 populo
551 1657 563 1699 ,
605 1609 655 1673 oni
674 1607 799 1692 Ὼρῖται
825 1608 900 1675 sive
917 1607 1057 1696 Ὠρεῖται
1084 1616 1236 1679 nomen.“

149 1712 202 1777 lta
222 1710 411 1796 Suhtveiglt.
455 1714 589 1777 Attum
611 1709 886 1797 quoqueudendo
912 1709 946 1776 in
974 1710 1078 1778 verbo
1101 1709 1234 1802 Ἴβηρες.

146 1810 325 1899 Postquam
346 1815 431 1880 enim
452 1812 487 1901 5.
510 1811 546 1877 8.
567 1812 699 1878 disertis
720 1811 831 1878 verbis
852 1811 951 1877 dixitt
978 1816 1015 1877 ἐκ
1040 1808 1071 1877 ὅ
1094 1808 1235 1902 Ἰβηρίας

147 1918 194 1990 εἰς
213 1911 339 1999 Λιβύην
358 1915 515 2000 διεβιβαζε
536 1909 737 1999 στρατιώτας
758 1919 792 1978 et
814 1911 932 1979 deinde
962 1908 998 2000 S.
1025 1908 1061 1977 9.
1089 1902 1175 1993 ἦσαν
1203 1918 1235 1981 ot

147 2006 318 2100 ’διαβάντες
338 2021 383 2093 εἰς
403 2013 461 2094 τὴν
481 2011 609 2100 Λιβύην
631 2011 783 2101 usquam
805 2021 839 2080 et
860 2016 914 2102 qui
935 2033 1045 2106 sequ,
1073 2015 1232 2103 quomodo

139 2121 280 2202 notarat
308 2116 442 2183 verbum
470 2115 591 2204 Ἴβηρες
624 2113 669 2181 ad
701 2115 866 2200 singulare
900 2134 1017 2184 nomen
1053 2108 1234 2204 repetere?

149 2214 311 2303 Equidem
331 2216 430 2303 igitur
439 2214 558 2305 Ἴβηρες
578 2222 633 2282 aut
654 2215 826 2283 delendum
846 2223 903 2284 aut
923 2224 999 2304 post
1011 2216 1142 2302 Αιβύην
1161 2216 1233 2285 eol-

148 2317 336 2387 looandum:
379 2337 439 2404 pro
475 2313 596 2406 ὀρεῖται
626 2322 736 2383 autem
759 2314 891 2406 Ὀρεῖτες
918 2318 1126 2386 scribendum
1154 2336 1233 2387 esso

149 2440 281 2488 censeo.
324 2421 411 2486 Nam
431 2421 494 2489 hoa
515 2420 560 2487 nil
581 2420 622 2487 ad
643 2438 723 2502 rem,
746 2438 805 2486 eos
822 2426 993 2486 monmnos
1008 2421 1111 2487 tuisse
1126 2438 1233 2508 ponu-

148 2523 210 2589 los.
241 2520 282 2587 lu
295 2525 437 2589 numeris
453 2523 507 2610 qui
527 2529 706 2609 sequuntur
725 2523 894 2610 τρισχίλια
915 2517 1100 2588 ὀκτακόσιοι
1110 2520 1233 2609 poten't

146 2624 256 2692 hiatus
276 2623 408 2692 delendi
429 2643 469 2691 ea
490 2626 564 2711 ipsa
585 2624 627 2691 de
648 2642 765 2711 causa,
795 2623 870 2710 quia
901 2624 1027 2692 numeri
1054 2624 1147 2700 sunt.
1174 2620 1230 2711 qni

147 2725 256 2793 hiatus
277 2745 377 2793 eausa
396 2746 460 2793 uon
481 2727 577 2793 tacite
597 2732 752 2813 poterant
772 2724 887 2791 mutari
916 2731 971 2793 out
999 2724 1096 2791 aliter
1124 2724 1232 2791 eollo-

149 2830 228 2895 oari.
270 2826 311 2896 Si
333 2824 368 2916 S.
394 2826 456 2892 11.
477 2826 516 2893 τὸ
537 2830 639 2904 ἔθνος
658 2828 794 2912 legitur,
814 2826 855 2893 de
876 2845 916 2893 eo
937 2824 1039 2906 idem,
1060 2824 1147 2911 quod
1167 2844 1228 2891 su·

132 2949 217 3016 qua,
240 2934 294 2995 est
315 2928 520 2995 statuendum
542 2935 577 2994 et
601 2927 661 2995 15.
683 2930 717 2995 iu
738 2926 933 3008 πεντήκοντα
951 2925 1137 3010 Ἱλεργητώτ
1156 2926 1231 2995 liltri

147 3030 226 3098 editi
249 3049 294 3097 ex
315 3049 427 3098 errore
448 3031 540 3118 primi
561 3031 698 3097 edituris
718 3031 888 3116 Λοργιτώι
910 3029 1049 3115 babent,
1072 3046 1145 3095 aum
1166 3046 1231 3096 ve-

146 3140 238 3200 teres
259 3134 332 3198 libri
353 3154 432 3200 mss.
453 3134 539 3200 Bav.
562 3133 637 3199 Vat.
657 3133 746 3198 Flor.
769 3130 848 3198 dent
868 3130 1058 3216 Λεργητῶιι,
1087 3130 1121 3195 in
1143 3128 1228 3215 Aug.

146 3240 182 3301 et
204 3236 288 3319 Reg.
310 3235 352 3300 Α.
381 3242 489 3301 autem
516 3256 536 3301 a
565 3236 667 3321 prima
692 3253 786 3301 mauu
815 3233 902 3299 desit
938 3249 1055 3297 nomen
1083 3235 1119 3297 et
1145 3248 1231 3317 qnae

144 3341 323 3423 sequuntur
344 3337 446 3402 verba
465 3356 568 3424 usque
590 3336 631 3403 ad
653 3335 862 3415 τιατήκαιτα,
887 3332 972 3419 quod
992 3338 1046 3398 est
1066 3337 1146 3399 ante
1165 3332 1230 3399 Αι-

145 3434 313 3521 γυσταοὺς
333 3456 365 3504 u.
382 3435 442 3503 16.
487 3439 604 3504 Livius
625 3443 732 3503 autem
744 3435 837 3522 XXI,
859 3431 922 3499 aa.
946 3439 1003 3521 „et
1023 3450 1129 3519 parva
1143 3432 1232 3499 ller-

146 3543 257 3625 getum
285 3556 399 3606 manus
426 3559 469 3606 ex
498 3540 672 3626 Hispania,
701 3536 832 3602 ducenti
858 3534 986 3620 equites
997 3530 1030 3618 ,“
1071 3533 1232 3601 Perottus

143 3641 243 3707 etiam
263 3638 424 3724 Ilergetes
445 3640 568 3725 habet,
609 3641 700 3722 cuius
721 3644 830 3703 tamen
859 3634 947 3701 nulla
971 3634 1025 3700 bia
1050 3634 1232 3701 auotoritas

143 3760 222 3810 esse
252 3746 384 3827 potest,
428 3742 575 3826 quoniam
600 3746 700 3806 totum
728 3739 833 3804 locum
859 3756 902 3803 ex
923 3735 1019 3802 Livio
1047 3752 1156 3821 paone
1185 3732 1231 3803 ad

143 3844 279 3911 verbum
301 3841 485 3927 descripsit.
528 3843 601 3908 Nec
623 3860 703 3909 vero
725 3836 989 3906 dissimulandum
1010 3841 1086 3913 est,
1115 3835 1230 3903 mirum

145 3945 257 4030 utique
285 3943 406 4010 debere
432 3941 554 4022 videri,
596 3942 651 4029 qui
677 3941 750 4030 fiat,
787 3947 821 4006 ut
842 3940 968 4007 medios
988 3938 1075 4003 inter
1096 3934 1232 4027 Africae

146 4043 299 4133 pupulos,
332 4063 354 4111 e
374 4043 488 4132 quibus
509 4043 639 4131 equites
659 4042 763 4110 relicti
784 4040 961 4110 Asdrubali
980 4037 1024 4110 ab
1043 4036 1231 4107 Hannibale
