2564 4508
550 122 820 187 ..ppp-

145 309 203 374 pro
238 289 397 370 γενέσθαι
423 286 512 371 αὐτῷ
545 291 700 374 τιμωρίαν
729 288 785 366 τῆς
816 284 947 365 ἀδικίας
975 287 1083 353 scrihe
1104 304 1132 353 c·
1155 284 1225 355 Sin·

148 396 213 455 ten·
235 407 277 453 ex
292 384 363 465 AC.
376 388 534 469 γενέσθαι
556 391 711 474 τιμωρίαν
733 384 821 470 αὐτῷ
843 412 872 451 τ.
892 384 947 453 άὸ.
992 383 1117 455 C-XX.
1143 383 1226 453 139.
1273 382 1276 429 ÷

148 509 179 555 a.
202 488 235 553 in
249 488 380 554 verbis:
402 485 441 552 τὸ
463 489 497 553 δὲ
517 490 579 570 πῦρ
601 489 657 566 τῆς
674 485 806 564 Ἑστίας
827 493 864 553 αί
884 489 1047 573 παρθένοι
1067 484 1229 569 μετὰτῶν

146 589 239 673 ἱεράν
259 586 486 674 ἁρπασάμεναι
506 591 629 674 ἔφυγον
650 587 726 653 illud
748 591 871 674 ἔφυγον
891 588 925 653 iu
946 588 1042 655 Bodl.
1069 584 1107 651 θ.
1137 598 1174 655 et
1193 586 1232 651 A·

148 686 185 754 C·
206 689 319 767 deest,
364 689 494 755 videtur
515 688 612 773 igitur
633 689 828 754 auctoritate
849 688 1000 755 librorum
1031 706 1232 775 nequaquam
1256 692 1260 699 “

147 790 302 854 munitum
325 809 410 855 esse.
455 790 634 855 Possumus
655 794 763 853 autem
785 788 846 854 hoc
868 789 969 855 verho
990 804 1108 855 curere
1130 788 1164 853 'si
1191 804 1231 853 ex

147 889 419 975 praecedentibus
441 889 568 957 verbis:
588 889 653 953 τῶν
674 890 766 973 ἱερῶν
787 887 811 953 ά
830 890 888 971 μέν
908 894 953 966 είς
966 887 1005 955 τὸ
1019 884 1234 955 Καπιτώλιον

147 987 426 1066 άνεσκεάασαντο,
457 989 536 1055 illud
558 986 818 1053 ἀνεσκευάσαντο
841 988 893 1053 hic
914 990 1116 1074 cogitatione
1135 1006 1236 1075 repe·

147 1091 259 1160 timus,
281 1096 316 1153 ut
337 1091 502 1155 sententia
524 1090 585 1154 sit:
606 1091 751 1174 inprimis
772 1108 935 1155 sacrorum
956 1089 1021 1155 alia
1041 1088 1076 1155 in
1098 1084 1236 1173 Capito-

149 1191 222 1255 lium
253 1196 505 1270 conservarunt,
552 1191 579 1255 V
583 1197 677 1255 estne
704 1191 811 1274 ignem
840 1197 948 1277 autem
975 1190 1125 1276 virgines
1156 1190 1178 1255 i.
1206 1207 1235 1255 e.

149 1297 384 1356 conservarunt
405 1310 477 1357 eum
499 1311 569 1356 cum
591 1291 696 1356 sacris
719 1290 896 1374 rapientes
936 1290 1111 1357 Nostrumr
1132 1290 1238 1359 Unter

147 1389 210 1455 ileu
244 1398 356 1458 ersten
378 1392 637 1476 Heiligthiimern
669 1390 833 1485 schatften¹
855 1391 905 1457 sie
935 1392 1044 1475 einige
1074 1391 1140 1457 lort
1167 1390 1238 1457 aula

146 1490 300 1576 Kapitol,
345 1491 406 1558 das
433 1494 540 1558 Fener
576 1490 634 1556 der
664 1492 769 1555 Vesta
809 1491 889 1556 aher
932 1489 986 1556 die
1019 1491 1238 1577 Juugtraucu,

150 1591 276 1656 welche
299 1611 337 1657 es
358 1593 416 1657 mit
437 1598 553 1658 sammt
575 1591 639 1658 den
661 1590 919 1675 Heiligthiimern
947 1591 1087 1676 gerauht
1112 1590 1237 1657 hatten.

148 1691 196 1756 lh.
224 1688 309 1755 139.
332 1711 359 1756 c.
382 1691 416 1756 iu
439 1693 571 1759 verbis:
610 1687 697 1756 κατά
717 1692 775 1773 γῆς
795 1689 923 1778 κρύψαι
945 1689 1006 1757 ὑπὸ
1027 1695 1074 1775 τῷ
1095 1692 1159 1775 νεῷ
1179 1690 1238 1757 τοῦ

148 1789 299 1875 Κυρίνου
327 1792 458 1876 primum
488 1812 547 1878 pro
574 1793 620 1874 τῷ
647 1790 709 1873 νεῴ
740 1809 811 1856 cum
832 1791 1037 1871 Sintenisio‚
1079 1790 1238 1879 prohauto

151 1888 331 1956 Schaelero
360 1896 394 1956 et
415 1897 537 1957 auctor.
562 1892 696 1957 Vulcoh.
719 1891 791 1957 cod.
814 1891 897 1957 Mur.
918 1891 1012 1957 Bodl.
1036 1889 1074 1957 a.
1098 1888 1235 1959 hcm

148 1989 206 2055 τὸν
225 1989 304 2056 νεών
326 1998 360 2058 et
382 1991 501 2059 deinde
522 2011 592 2058 cum
613 1991 686 2059 eod.
710 1989 837 2058 Sinten.
859 2012 903 2059 ex
926 1990 996 2075 AC.
1009 1992 1141 2078 κρύψαι
1151 1988 1237 2061 κατὰ

149 2093 207 2171 γῆς
229 2091 447 2177 recipiendum
469 2093 541 2160 crit.
584 2089 991 2177 Cap.XXl.139.e.in=
1012 2094 1064 2157 tui
1085 2094 1153 2157 τῶν
1172 2094 1234 2159 tlu-

150 2198 314 2278 (μαντίνων
328 2196 453 2281 δέρριον
461 2200 496 2260 έν
506 2192 613 2282 άγορά
627 2191 797 2271 ἐκάθηντο
809 2198 1040 2275 κεκοσμημένοι
1054 2188 1114 2271 την
1127 2192 1232 2257 ὀπτοῦ-

150 2316 213 2357 σαν
228 2292 328 2371 τύχην
342 2291 552 2376 ὑπομένοντες
561 2295 703 2361 sortasse
716 2290 885 2373 ἐκάθηντο
899 2295 995 2361 alium
1011 2294 1235 2367 leonillam,

150 2394 284 2476 conjicio
301 2401 378 2480 post
390 2397 524 2483 δίφρων,
545 2404 581 2462 ut
596 2395 801 2462 scribendum
814 2397 858 2459 sit
871 2392 1037 2473 έκάθηντῖ
1059 2391 1096 2460 G.
1109 2394 1232 2461 xxiv.

155 2492 241 2559 141.
263 2514 292 2560 c.
307 2515 349 2563 ne
371 2496 483 2563 dubita
505 2498 581 2584 quin
602 2500 635 2562 in
650 2497 778 2563 verbis:
798 2493 950 2578 Ἡμεΐςθ
964 2492 1235 2583 άπορίαστρατη-

149 2597 210 2684 μου
240 2593 397 2682 άλλότρια
425 2603 516 2682 τείχη
545 2596 790 2684 περιβαλόμενοι
812 2594 943 2689 (retine
963 2616 991 2661 c.
1015 2594 1105 2669 Sint,
1128 2596 1234 2677 libror·

150 2693 436 2785 περιβαλλόμενοι)
456 2698 646 2782 καθήμεθα
667 2718 687 2765 e
710 2699 747 2765 C.
762 2699 952 2784 στρατηγῶν
973 2714 1032 2783 pro
1051 2696 1236 2783 στρατηγοῦ

150 2794 302 2882 recipia's.
335 2796 400 2863 est
416 2801 502 2865 enim
517 2801 550 2865 iu
563 2804 751 2869 universum
764 2802 898 2866 dictum:
921 2799 1032 2884 inopia
1045 2799 1173 2887 ducum.
1199 2792 1233 2863 G·

149 2897 257 2962 XLll.
269 2897 357 2964 151.
370 2918 399 2965 e.
416 2901 515 2966 miror
529 2903 613 2987 quod
629 2905 660 2968 in
679 2884 807 2969 verbis:
829 2904 972 2979 ἐνίκησεν
985 2896 1006 2978 ἡ
1020 2900 1235 2983 μαλακωτέρα

149 2997 325 3066 ὑπείκουσα
346 3003 392 3084 τῷ
414 2998 504 3084 δήμῳ
526 3003 652 3070 eBodl.
671 3003 707 3069 θ.
728 3005 785 3069 καὶ
799 3009 877 3069 ante
896 2999 1075 3067 ὑπείκουσα
1093 2998 1234 3065 deletum

149 3107 202 3165 est
225 3103 389 3187 proboque
411 3099 642 3184 Sintenisium,
664 3105 716 3192 qui
739 3105 823 3170 hanc
844 3102 1033 3189 particulam
1055 3098 1236 3175 revocavit.

234 3203 391 3269 Undecim
414 3205 511 3288 igitur
532 3224 602 3270 uum
624 3206 656 3271 in
680 3207 730 3270 his
751 3204 831 3270 vitis
852 3202 1057 3287 reperiantur
1078 3200 1188 3265 hiatus
1204 3200 1236 3265 in

45 3376 51 3386 ,
150 3303 221 3368 vita
234 3303 466 3369 Themistoclis
488 3303 551 3369 duo
564 3305 672 3370 hiatus
685 3306 792 3391 gratia
814 3299 865 3394 (c.
881 3301 986 3367 XXV.
1001 3306 1035 3366 et
1045 3294 1238 3391 XXVIILJ,
1253 3324 1258 3333 ·

148 3404 183 3468 in
204 3403 273 3468 vita
289 3398 415 3469 Camilli
428 3409 535 3469 autem
548 3408 686 3492 quinquo
702 3403 845 3472 codicum
863 3403 1058 3469 auctoritate
1079 3394 1131 3490 (c
1148 3402 1240 3465 xlll.

149 3502 222 3568 XX.
247 3503 307 3569 bis.
330 3503 455 3568 XXlV.
479 3510 513 3569 ot
532 3501 658 3596 XLII.)
680 3510 775 3573 erant
795 3503 1007 3586 removendi,
1040 3502 1074 3570 in
1101 3506 1240 3586 quatuor

149 3604 232 3669 locis
255 3604 362 3669 hiatus
385 3605 475 3670 solus
497 3606 669 3672 offensioni
691 3612 763 3673 erat
794 3600 844 3695 [c.
868 3608 918 3669 ll.·
932 3601 974 3666 V.
996 3604 1091 3675 Vlll.
1112 3596 1239 3689 m}

148 3702 187 3769 ln
209 3707 450 3790 comparatione
472 3708 577 3772 nullus
600 3714 654 3773 est
674 3707 795 3773 hiatus.

234 3809 272 3869 ln
295 3807 365 3871 vita
385 3806 573 3873 Periclis
595 3812 692 3873 on.
712 3805 800 3871 155.
815 3805 845 3870 b.
869 3807 901 3869 in
923 3803 1053 3873 verbis:
1077 3800 1120 3867 01
1135 3802 1244 3881 θέτης

150 3911 257 3980 αἰτίας
278 3905 337 3982 τὴν
357 3901 480 3991 εὕρεσιν
501 3904 667 3991 άναίρεσιν
687 3896 770 3971 εἶναι
785 3909 930 3987 λέγοντες
945 3905 1005 3969 τοῦ
1022 3900 1159 3983 σημείου
1181 3898 1245 3967 οὐκ

151 4007 331 4077 ἐπινοοῦσιν
354 4012 428 4090 post
449 4011 581 4088 σημείου
605 4026 705 4093 pausa
728 4007 884 4093 quaedam
907 4012 971 4071 cah
1015 4002 1052 4067 C·
1075 4000 1119 4073 X·
1153 4000 1245 4077 157.
