2564 4508
557 158 725 223 *126
791 178 852 206 -·

153 329 286 416 scriptis
307 326 381 416 qnid
402 326 513 393 mirum
526 323 780 397 Demosthenem
802 323 881 391 tatia
896 323 1238 395 commentandicom·
1269 342 1273 361 ¹

152 430 272 518 pendia
291 448 356 495 non
377 433 587 513 aspernatum
609 417 711 492 esse?
734 423 924 491 Cavendum
942 425 1043 510 igitur
1061 444 1105 493 ne
1118 426 1238 512 hujus-

29 548 32 555 ·
151 531 237 597 modi
250 528 496 616 repetitionibus
509 528 644 593 abutare
664 527 707 592 ad
728 525 823 592 fidem
843 526 1022 592 faciendam
1038 527 1240 601 orationibus

151 631 271 718 spuriis
283 629 464 714 argumenti
477 629 630 716 politici“.
657 630 703 692 At
716 627 788 714 quis
800 647 864 692 non
877 626 976 712 degne
990 628 1076 695 teret
1092 630 1243 715 scripto*

152 751 238 819 rem,
264 732 414 816 quamvis
434 730 585 796 mercede
607 727 795 821 conductum
805 775 823 814 ,.
847 729 900 814 qui
920 728 1057 795 alteriue
1077 729 1235 795 orationis

152 852 287 920 magnas
308 838 420 919 partes
441 833 473 895 in
499 833 604 896 attera
624 831 744 915 repetit
758 835 792 894 et
803 828 969 893 auditores
983 831 1159 915 tam-parvi
1173 846 1236 895 ae·¹

152 934 279 1011 stimat,
310 937 357 999 ,ut
378 931 492 998 eadem
513 950 623 997 eorum
644 931 774 997 auribus
794 929 911 994 iterum
932 929 1111 1015 iterumque
1130 930 1235 997 incul-

153 1032 258 1100 canda
285 1026 400 1099 euret‘t
443 1032 550 1097 Atium
576 1031 674 1117 igitur
701 1029 1014 1116 eausam'l'aylerus
1034 1030 1068 1103 in
1091 1032 1233 1117 praefat·

152 1155 204 1221 up.
232 1132 366 1200 Schaef.
393 1133 463 1221 IV,
485 1128 577 1201 498.
605 1138 640 1198 et
661 1131 884 1197 ankhaenci.
910 1131 943 1196 in
964 1132 1067 1218 praei.
1094 1134 1136 1199 ed
1159 1134 1235 1200 Διι-

153 1235 236 1303 drot.
258 1256 289 1322 p.
312 1234 404 1300 XIV.
432 1238 669 1321 proposuerunt
696 1220 862 1312 dicentes,
902 1231 936 1297 id
963 1239 1151 1319 propterea.
1167 1252 1237 1302 non

153 1337 263 1403 mirum
286 1354 374 1417 esse,
397 1335 479 1422 quod
501 1353 565 1401 una
586 1332 655 1398 fere
676 1350 776 1399 cause
796 1334 830 1399 in
850 1333 1003 1399 ambabus
1023 1340 1141 1420 agatur
1157 1352 1237 1403 ore·

150 1438 292 1504 tionibus
312 1436 460 1523 idemque
481 1436 634 1503 maiorum
654 1434 813 1499 hominum
834 1433 948 1501 foedus
969 1434 1136 1503 abeodem
1149 1435 1236 1503 Dio-

151 1537 230 1604 doro
252 1538 463 1624 impugnetur.
507 1534 587 1617 eris
609 1543 716 1601 tamen
737 1535 833 1600 hodie
854 1555 978 1623 quoque
999 1556 1063 1604 non
1085 1537 1254 1604 otiendc-¹

150 1644 219 1722 ret,
246 1638 276 1700 si
297 1644 479 1704 nostrorum
500 1643 660 1702 oratorum
683 1637 754 1722 quis
774 1637 940 1703 orationes
961 1637 1088 1723 publice
1109 1638 1236 1719 ederet,

151 1757 283 1823 quarum
304 1756 348 1802 ex
369 1738 474 1802 attera
494 1756 610 1824 magna
632 1756 708 1823 pars
729 1738 763 1801 iu
783 1737 887 1803 altero
908 1736 1025 1803 iisdem
1045 1740 1158 1806 verbis
1174 1759 1235 1807 ezer

151 1845 205 1905 set
226 1829 393 1925 repetita?
416 1838 489 1903 Huc
510 1836 637 1903 accedit
658 1837 743 1924 quod
764 1838 829 1903 ista
849 1837 946 1923 ionga
966 1839 1008 1905 de
1030 1838 1235 1908 Androtione

152 1946 187 2007 et
212 1941 284 2023 ejus
314 1939 520 2024 pecuniarum
552 1939 723 2004 exactione
749 1938 925 2025 disputatio
951 1959 1153 2027 nequaquam
1181 1942 1235 2009 hic

151 2046 230 2127 apta
252 2047 324 2107 est.-
358 2042 444 2106 Nam
475 2040 537 2105 hoc
565 2039 673 2124 potius
704 2037 844 2105 debebat
873 2047 982 2107 orator
1010 2042 1236 2111 demonstrare

151 2142 248 2231 idque
269 2162 308 2209 se
328 2143 621 2209 demonstraturum
642 2158 719 2205 esse
740 2141 814 2226 ipse
830 2141 996 2226 protessus
1011 2150 1092 2231 eret,
1113 2144 1156 2209 ab
1171 2152 1236 2214 ad-

151 2245 299 2312 versario
320 2244 425 2328 legem
445 2242 540 2307 istam
560 2260 625 2306 non
645 2241 709 2306 rite
730 2259 808 2306 esse
828 2241 926 2308 latam
948 2244 1008 2308 sed
1029 2245 1137 2330 legem
1149 2264 1236 2332 qnae

151 2345 272 2411 ceteris
293 2345 338 2410 sit
359 2344 522 2410 contraria
541 2341 654 2429 reique
675 2341 823 2428 publicae
843 2345 951 2409 noxia.
985 2343 1156 2429 Ejusmodi
1175 2364 1234 2412 au-

150 2452 217 2512 tem
239 2446 433 2511 Timocratis
453 2445 510 2510 lex
531 2450 620 2532 erat,
647 2442 776 2510 etiamsi
797 2444 978 2510 Androtion
998 2447 1139 2530 optimus
1159 2449 1234 2514 ἰιιο-

149 2549 192 2612 rit
213 2547 307 2615 homo
331 2564 438 2632 neque
459 2545 518 2611 fur.
561 2544 646 2611 Mira
667 2544 763 2610 etiam
785 2550 861 2609 aunt
881 2545 984 2611 verba
1005 2547 1120 2632 quibus
1147 2548 1234 2615 haee

152 2650 307 2716 orationis
336 2667 412 2734 pars
442 2647 587 2733 retiquae
614 2646 803 2712 annectitur.
867 2644 1032 2732 Scriptum
1066 2653 1120 2713 est
1146 2654 1234 2716 enim

153 2748 256 2837 758,
280 2748 374 2815 187:
395 2745 471 2814 Καὶ
491 2746 561 2833 πὲρι
582 2749 638 2830 μὲν
659 2745 781 2812 τούτων
802 2744 889 2812 κατὰ
910 2745 1046 2827 σχολήν·
1067 2747 1092 2814 ὁὶ
1111 2749 1147 2815 dd
1173 2751 1234 2817 Τι-

153 2850 308 2933 μοκράτει
339 2860 467 2937 συνερεῖ
477 2898 486 2929 ,
530 2846 634 2914 πολλὰ
664 2851 766 2930 λέγειν
798 2852 846 2912 ἔτι
876 2846 955 2934 πρὸς
989 2846 1117 2925 τούτοις
1149 2854 1235 2929 ἔχων

152 2947 327 3031 παύσομαι.
369 2951 433 3016 Ηίο
454 2949 596 3015 Woifius
613 2951 680 3032 Jam
702 2950 853 3015 miratus:
883 2950 983 3035 Atqui
1011 2950 1088 3014 nihil
1108 2950 1235 3029 dixisti,

152 3051 275 3148 inquit,
304 3051 346 3117 de
372 3051 617 3136 suffragatione,
645 3049 705 3114 sed
727 3068 834 3115 mores
857 3057 891 3116 et
913 3052 999 3117 iacta
1020 3052 1236 3119 Andr-ottonis

150 3152 383 3239 perstrinxisti.
425 3151 584 3217 Reiskius
604 3151 742 3218 mavuit:
774 3150 852 3216 didi
879 3150 1084 3236 Τιμοκράτης
1100 3150 1234 3239 Ἀνδρο-

150 3256 239 3318 τίωοι
260 3262 398 3336 συνερεῖ,
441 3249 546 3317 πολλὰ
567 3255 668 3335 λέγειν
688 3255 771 3330 ἔχοι
790 3256 856 3339 ἔτι,
900 3251 978 3330 πρὸς
1004 3254 1111 3319 τοῦτο
1136 3260 1234 3319 εἶπον

151 3350 326 3436 ποὺοομιιι.
371 3353 567 3419 Schaeierus
589 3354 745 3436 conjecit:
772 3356 829 3417 ιιιιὶ
850 3356 920 3438 περὶ
940 3355 998 3435 μὲι
1018 3352 1138 3419 τούτου
1158 3350 1235 3445 (ste

152 3454 200 3518 Σ.
223 3474 276 3541 ap.
298 3450 428 3545 Bekk.)
455 3451 543 3519 κατὰ
568 3451 689 3532 σχολὴν
717 3451 741 3518 ἂ
767 3450 964 3538 Τιμοκράτει
985 3462 1114 3542 συνερεῖ
1136 3455 1231 3521 udtt’

149 3553 191 3620 ἂν
212 3558 315 3637 λέγειν
335 3559 382 3618 ἔτι
403 3553 481 3636 πρὸς
502 3553 629 3632 τούτοις
649 3559 732 3634 ἔχων
752 3553 928 3637 παύσομαι.

226 3654 349 3722 Omnes
364 3655 425 3721 hae
440 3655 648 3721 difficultates
662 3656 827 3741 tolluntur,
838 3658 868 3721 si
882 3656 1053 3723 statuimus
1067 3674 1233 3741 quaeeun-

151 3775 213 3842 que
227 3775 247 3822 a
260 3755 295 3843 §-
308 3756 326 3818 1
339 3757 384 3821 tt)
400 3754 450 3846 [p.
460 3752 571 3846 734.)
586 3758 739 3842 usquead
752 3754 1053 3845 §.187.legnntur,
1066 3758 1108 3823 ab
1125 3758 1235 3825 aliena

150 3877 245 3924 mann
261 3859 314 3922 irie
327 3876 404 3923 esse
417 3860 551 3923 inserta.
596 3859 702 3923 Recte
725 3860 809 3924 enim
834 3863 900 3924 tum
915 3866 1040 3943 orator,
1062 3864 1236 3944 postquam

151 3960 184 4024 id
213 3958 298 4045 quod
315 3959 417 4024 voluit
437 3958 479 4024 de
502 3959 696 4025 Timocratis
716 3960 792 4044 lege
814 3959 1065 4038 demonstravit,
1099 3969 1237 4046 perget:

152 4059 262 4145 „haec
283 4059 410 4144 quidem
433 4060 532 4141 satis,
553 4059 613 4127 sed
631 4059 776 4127 desinam
797 4062 882 4147 ioqui
903 4066 1071 4147 postquam
1093 4079 1135 4128 ea
1156 4080 1238 4148 per-
1261 4084 1264 4093 ·
