2564 4508
491 143 553 171 -=
596 119 666 186 210
722 152 767 170 ·-

60 291 171 358 bono
204 293 384 376 praeeunte
414 287 561 356 Perotio.
619 285 771 372 Scaliger
796 283 937 372 denique
962 301 1029 354 oon
1053 285 1169 376 impro

88 392 186 461 boote
207 389 397 475 Schweigb.
420 391 579 474 conjecit:
600 389 634 453 ἕν
654 413 686 452 τι
707 383 841 467 καινὸν,
863 387 897 452 ni
917 387 1090 470 malueris,
1118 389 1169 457 io·

87 493 157 580 quit
166 478 370 580 Schweigb,
389 491 424 556 ib
446 492 563 557 τιτῶν
582 491 712 556 καινῶν.
753 487 914 575 Equidem
935 480 1007 554 σου]
1027 490 1119 559 Flor.
1137 491 1169 557 ol

87 589 176 683 (ser.
191 589 242 683 δ’)
263 596 298 659 ἔν
318 587 515 656 tricaccabo
537 589 743 677 praetulerim
763 594 799 656 et
819 608 890 655 oum
906 587 1028 678 Obsop.
1048 590 1089 658 ὂν
1108 590 1169 659 erl«.

87 694 242 776 dirlerim,
276 712 346 780 ¹quo
376 691 464 758 ducit
484 692 587 783 etiam,
604 691 766 777 scriptura
795 689 887 755 codd.
909 693 948 757 B.
972 694 1011 760 O.
1038 690 1095 783 ὃν,
1136 698 1169 761 ut

86 796 252 864 sententia
280 796 348 860 sit:
392 791 529 860 Omnino
556 797 664 859 autem
691 792 726 858 in
752 790 861 877 aliquo
886 809 925 859 re
952 787 998 884 (i.
1019 811 1051 861 e.
1079 793 1169 863 aiio

88 916 153 983 quo
181 915 219 962 rc
246 889 491 985 convenerant)
525 895 610 981 quod
644 913 764 961 novum
803 899 877 960 erat
909 893 1169 965 adinveniebat

88 998 197 1064 Miuus
218 998 316 1064 etiam
337 994 499 1062 dubitabis
517 999 638 1079 LXIX,
661 992 697 1060 3.
719 992 795 1082 quio
815 994 849 1060 in
870 994 1000 1062 vertis:
1021 992 1169 1075 τέλοςδῆ

87 1095 214 1186 ὥρμησε
249 1095 453 1164 scribendam
480 1097 535 1163 sit
598 1095 663 1162 Illo
688 1097 773 1163 enim
800 1113 914 1162 omnes
937 1094 1012 1163 libri
1037 1101 1075 1165 et
1098 1093 1169 1182 eriri

88 1206 124 1268 et
144 1200 259 1286 serIpti
280 1198 419 1265 habent:
441 1194 747 1281 retractatores,
775 1216 817 1264 ex
846 1216 908 1285 quo
931 1194 1076 1263 casaub.
1096 1196 1169 1265 iecit

89 1303 180 1376 τέλος
206 1297 246 1378 δὴ
266 1295 400 1383 ὥρμησε.
442 1298 603 1366 Reiskius
629 1305 739 1365 tomen
769 1305 805 1366 et
833 1296 1022 1385 Schweigh·
1047 1296 1169 1367 melue-

89 1407 165 1469 runt
185 1403 276 1477 τέλος
295 1401 330 1466 δὲ
350 1401 406 1468 vel
426 1397 459 1467 δ’
482 1397 618 1483 ὥρμησε.
658 1400 733 1467 Ηοο
754 1399 881 1488 quidem
903 1398 1034 1466 rectius.

175 1503 256 1588 Cap.
276 1504 388 1587 LXX,
410 1496 446 1566 li.
473 1520 538 1567 noa
560 1500 708 1568 crendes
728 1499 763 1568 in
783 1497 1002 1584 ποιησάμενοι.
1021 1494 1092 1579 ·“0,
1111 1496 1169 1567 aed

89 1607 249 1685 LXXIV,
279 1603 316 1668 5.
344 1602 388 1668 od
408 1601 530 1669 verber
574 1606 608 1667 ol
626 1603 771 1683 πολέμιοι
791 1597 961 1684 ὑπομεῖναι
980 1599 1169 1687 Schweiglr

85 1705 154 1787 jam
174 1703 257 1770 baec
277 1702 471 1790 adscripsit:
490 1703 729 1788 „casaubonus
749 1699 918 1786 ὑπομεῖναι
938 1702 1112 1789 adoptavit
1132 1722 1169 1771 er

89 1805 176 1888 Reg.
199 1803 240 1868 Β.
264 1806 305 1870 C.
327 1803 381 1889 qui
400 1803 478 1869 illud
499 1811 675 1891 posuerunt
695 1824 755 1891 pro
775 1802 929 1872 mendoso
949 1802 1057 1887 μῖξαι,
1089 1802 1169 1893 quoi

89 1904 212 1972 habent
233 1902 286 1969 ed.
310 1902 344 1970 1.
365 1910 400 1970 et
422 1901 457 1970 b.
478 1924 548 1972 cum
569 1906 654 1972 Bav.
676 1913 711 1972 et
732 1905 816 1991 Aug.
838 1911 873 1970 et
893 1901 996 1987 μῖξαι,
1018 1904 1104 1993 quod
1122 1910 1169 1973 est

90 2006 125 2071 in
145 2004 296 2090 Reg.-A.
340 2002 412 2081 seo
432 2013 504 2072 erat
526 2018 561 2072 et
582 2005 668 2072 haud
696 2005 792 2072 dubie
817 2005 1051 2073 restituendum
1072 2004 1169 2093 Poly·

91 2105 143 2173 bio
165 2112 220 2170 est
240 2105 381 2190 simplex
401 2106 536 2173 verbum
556 2117 674 2189 μεῖναι,
696 2106 782 2194 quod
803 2105 1010 2174 latentvat.
1032 2112 1069 2173 et
1085 2106 1169 2174 Flor

91 2211 127 2272 et
147 2203 219 2271 cod.
240 2205 388 2272 Ursinir‘
428 2206 477 2272 lb.
509 2205 544 2271 7.
571 2209 699 2293 corrige
726 2204 785 2272 δύο
813 2205 940 2293 ἡμέρας.
965 2210 1111 2291 LXXV,
1139 2203 1169 2275 6.

90 2308 183 2374 teres
203 2304 246 2389 μὴ
269 2304 355 2389 οἷον,
377 2327 443 2374 non
464 2308 511 2373 ita
532 2312 676 2374 LXXVI
683 2355 695 2394 ,
721 2303 755 2372 9.
776 2309 897 2374 verbor
939 2312 973 2373 οἱ
992 2309 1026 2374 δὲ
1045 2312 1098 2376 ἐπὶ
1118 2306 1169 2389 τὴν

91 2404 170 2489 πρὸς
190 2409 229 2490 τῇ
248 2404 354 2492 Ἰτύκῃ
375 2403 594 2495 παρεμβολήν,
630 2407 682 2472 uhi
703 2427 768 2474 non
789 2409 891 2475 solum
911 2404 942 2473 δ’
950 2456 961 2491 ,
994 2407 1057 2476 sed
1078 2409 1169 2477 eliel!

91 2505 149 2586 τὴν
168 2504 292 2585 Ἰτύκην
313 2509 516 2575 scribendum
537 2527 614 2576 esse
636 2508 778 2575 videtur.
822 2509 999 2577 Sententia
1011 2509 1098 2577 enim
1108 2518 1169 2579 est:

91 2608 261 2693 fugiebant
281 2609 315 2674 in
337 2614 447 2675 eastra
468 2609 595 2676 Uticam
616 2628 745 2676 versus.
767 2611 943 2697 LXXVII,
965 2606 1000 2676 2.
1030 2611 1169 2697 corriget

92 2711 127 2776 et
149 2706 325 2795 ὑπωρείαις,
349 2715 384 2776 et
400 2712 589 2796 LXXVIII,
612 2707 649 2776 8.
669 2709 775 2775 ταῦτα
795 2706 951 2798 ἀνιούσας,
971 2709 1169 2779 forestes

92 2814 274 2876 νεανίσκου·
308 2806 359 2890 ὡς,
380 2809 441 2877 sed
462 2814 619 2899 LXXIX,
643 2809 705 2877 ll.
726 2809 896 2896 Polybium
916 2803 1097 2898 scripsisse
1116 2830 1169 2880 ne·

92 2931 153 2996 go:
195 2906 239 2991 μὴ
260 2908 417 2975 πιστεύειν
437 2911 478 2994 τῇ
499 2908 560 2976 ύπὸ
580 2911 639 2975 τού
660 2912 845 2996 στρατηγοῦ
866 2912 926 2976 τού
953 2913 1018 2979 τῶν
1036 2909 1169 2999 Καρχη

93 3012 209 3076 δονίων
229 3018 418 3095 γεγενημένῃ
439 3012 676 3100 φιλανθρωπίᾳ
696 3007 775 3097 πρὸς
791 3006 868 3086 τούς
880 3007 1118 3093 αἰχμαλώτους.
1139 3010 1169 3083 oi

93 3134 123 3178 κ.
145 3135 174 3174 τ.
194 3111 223 3175 λ.
264 3109 298 3173 Ν
300 3131 350 3176 um
369 3109 414 3194 μὴ
435 3113 475 3195 τῇ
496 3108 653 3178 πιστεύειν
679 3135 711 3177 κ.
735 3135 763 3175 τ.
784 3113 814 3177 λ.
844 3102 1009 3198 serIpsiti
1038 3115 1169 3181 LXXX

97 3209 160 3291 13.
181 3213 215 3277 in
237 3213 362 3278 verbis:
392 3209 634 3298 ιιολοβώσαντες
652 3213 685 3278 δὲ
706 3213 763 3278 καὶ
783 3217 1019 3298 σνντριῆνοιντες
1037 3211 1083 3279 τὰ
1102 3220 1169 3283 orte

94 3315 150 3392 λη,
184 3316 231 3377 ἔτι
252 3313 372 3393 ζῶντας
393 3314 534 3397 ἔρριψαν
554 3318 599 3388 εἴς
619 3336 693 3378 τινα
713 3308 843 3401 τάφρον
863 3313 998 3380 verbum
1018 3316 1067 3381 ἔτι
1087 3312 1169 3405 ojo'de

94 3421 148 3481 tur
169 3414 310 3480 additum
332 3433 353 3479 a
373 3413 524 3479 librariis.
548 3416 587 3480 C.
608 3416 769 3500 LXXXI,
791 3409 826 3479 3.
854 3412 994 3481 emendo
1014 3411 1090 3481 οὔτε
1109 3416 1169 3481 cco

94 3539 158 3581 σαν
179 3521 214 3580 et
234 3511 272 3583 4.
294 3533 352 3600 pro
374 3517 418 3588 εἰς
438 3510 645 3601 Καρχηδόνα
665 3511 862 3594 ἀποπέμπειν
883 3513 991 3579 scribe
1012 3531 1085 3593 eom
1105 3513 1169 3583 edd

95 3635 140 3682 ex
155 3615 239 3681 Bav.
261 3620 306 3690 εἰς
320 3610 571 3701 Καρχηδονίους
589 3612 689 3678 ἀποπ.
713 3611 750 3680 6.
771 3614 890 3698 legitor
911 3610 949 3679 τὸ
961 3607 1169 3697 ὑποκείμενον

96 3716 133 3782 7.
160 3714 288 3799 corrige
302 3716 380 3797 μηδὲ
391 3709 552 3800 ὠμότερον
571 3719 606 3780 et
625 3710 660 3778 9.
676 3716 709 3779 δὲ
721 3712 926 3800 ύντιτιμωρῄ.
947 3715 1125 3796 LXXXII,
1145 3712 1169 3783 4

93 3823 182 3886 muta
203 3815 240 3881 τὸ
262 3810 344 3881 αὐτὸ
373 3815 406 3880 in
433 3810 543 3878 ταὺτὸ.
568 3817 759 3895 LXXXIII,
782 3812 820 3882 2.
853 3814 995 3899 legitur:
1023 3811 1169 3894 Ἐπιοτύι

94 3919 128 3982 δὲ
145 3915 259 4002 Ἱέρων.
304 3912 397 3995 Quod
419 3921 528 3980 autem
555 3915 607 3980 bic
629 3916 664 3981 in
685 3916 762 3981 Vat.
788 3917 823 3981 in
844 3921 1004 3982 contextu
1025 3921 1097 3985 este
1131 3922 1169 3984 tr

94 4013 153 4093 τὰς
166 4012 270 4106 Ἱέρων
290 4022 393 4084 ortum
415 4021 468 4086 est
490 4034 534 4084 ex
556 4017 642 4086 male
663 4017 750 4085 lecto
765 4013 896 4096 ἐπιστὰς
914 4022 1002 4087 eteo
1016 4016 1103 4107 quod
1120 4037 1169 4088 ao·
