2564 4508
530 113 876 203 ..33o-·

124 283 209 352 modi
250 282 494 369 suppleverint
535 279 631 347 latuit
675 281 825 366 impetum
859 298 982 366 parans
1020 282 1056 347 in
1091 280 1207 349 tostas

124 384 252 451 Deinde
272 381 445 466 legendum
466 398 545 447 esse
566 380 774 467 suspicatur:
816 377 903 445 ἀλλά
930 382 987 447 καὶ
1007 379 1086 458 τοὺς
1104 379 1205 461 Ἀθη-

121 488 233 559 ναίονς
253 478 347 573 [scil.
370 477 534 571 ἔλαθεν),
557 480 628 561 οὓς,
650 477 878 563 ἀπεγνωκότας
898 479 976 562 ἤδη,
997 483 1136 565 ἐμβῆναι
1155 504 1206 547 κτ-

121 581 238 664 λεύσας
262 579 423 661 ἀνήχθηε
467 582 569 660 „sed
596 584 749 648 insciis
777 582 901 647 etiam
929 580 1207 649 Atheniensi·

123 686 213 770 bus,
256 683 322 770 qui
356 702 441 748 cum
467 683 548 765 Jam
584 683 831 768 coepissent
866 674 1121 767 desperare,
1164 700 1221 759 ee„

121 803 250 871 posse
272 803 355 849 cum
375 783 554 849 hostium
576 783 719 849 classe
741 782 991 867 confligere,
1034 788 1208 868 repente

122 885 286 970 siguum
315 882 504 949 movendi
539 884 586 949 ab
615 882 835 948 Alcibiade
873 882 1148 969 accipiebant
1174 884 1208 949 ln

120 986 245 1052 alt'um
277 989 568 1050 excurrente.“
611 982 772 1048 Baebrius
799 980 869 1049 eum
892 981 998 1049 Corae
1020 988 1056 1049 et
1077 979 1223 1051 Setae·-

121 1087 191 1152 fero
213 1081 268 1173 [in
292 1086 387 1168 prior.
410 1078 508 1172 edd.)
533 1089 608 1168 post
629 1084 752 1147 ἔλαθεν
772 1084 901 1169 plenius
913 1083 1127 1170 interpunxit,
1148 1082 1208 1149 sed

81 1228 89 1250 .
120 1185 252 1252 Relskii
289 1185 448 1249 rationem
482 1183 566 1247 lraud
602 1183 821 1267 inelegantem
851 1183 942 1248 dixit.
1005 1180 1208 1251 sebastenus

119 1292 237 1352 eontra
257 1285 423 1369 vulgatam
443 1283 588 1348 defendit
610 1285 674 1367 ita,
716 1291 752 1349 ut
775 1283 1060 1369 breviloquentiam
1088 1284 1209 1351 adesse

119 1386 223 1465 dicat,
245 1386 505 1469 sententiamque
528 1401 623 1447 esse:
646 1380 808 1447 ἀλλὰκαὶ
825 1379 1004 1460 Ἀθηναῖοι
1024 1380 1207 1466 ἀπεγνώκε-

120 1510 184 1552 σαν
205 1485 282 1564 ἤδη,
305 1482 358 1550 ὅτε
379 1485 515 1567 ἐμβῆναι
535 1479 689 1556 κελεύσας
710 1478 854 1559 ἀνήχθη.
900 1479 1080 1548 Offendunt
1100 1488 1225 1570 lemen!

118 1587 221 1652 verba
242 1586 313 1650 illex
336 1582 374 1649 οὐ
395 1581 495 1667 μόνον
516 1581 591 1658 τοὺς
612 1585 782 1663 πολεμίους
803 1584 936 1664 ἔλαθεν,
957 1581 1114 1650 ἀλλὰκαὶ
1132 1582 1206 1662 τοὺς

116 1683 494 1766 Ἀθηναίους-ἐμβῆναι
507 1681 659 1760 κελεύσας
680 1680 825 1761 ἀνήχθη,
847 1702 931 1770 quae
952 1685 1015 1750 sibi
1035 1704 1104 1752 non
1124 1686 1206 1753 salit

118 1786 327 1873 respondent.
384 1783 477 1865 Quod
506 1792 613 1849 autem
642 1783 842 1849 Scbaeferus
870 1783 971 1850 dicitu
1015 1781 1076 1863 τὴν
1101 1806 1224 1871 παρα-

117 1884 234 1964 σκευὴν
255 1904 321 1951 non
343 1903 443 1970 posse
464 1883 526 1948 dici
549 1886 670 1950 λαθεῖν
692 1884 768 1962 τοὺς
786 1882 997 1964 Ἀθηναίους,
1020 1893 1057 1951 nt
1078 1887 1134 1972 qni
1148 1904 1203 1972 ap·

119 1992 267 2072 paratum
288 2005 397 2050 coram
417 1983 586 2058 viderent,
630 2005 694 2050 uon
715 1985 757 2051 ab
777 1987 861 2050 omni
884 1991 979 2070 purte
1000 2004 1115 2053 vernn
1143 1994 1202 2054 eol.

119 2088 206 2151 Nam
226 2085 332 2171 potuit
352 2102 434 2149 sane
458 2083 701 2165 Athenienses,
746 2086 940 2170 praesertim
962 2094 1032 2152 curii
1049 2089 1122 2173 jam
1147 2087 1203 2155 de-

119 2192 303 2272 sperarent,
325 2185 430 2249 latore
444 2203 481 2249 se
494 2187 587 2268 ipsos
602 2190 715 2249 contra
737 2184 851 2251 hostes
864 2203 943 2251 esse
957 2188 1163 2272 profecturos
1173 2194 1204 2255 ct

117 2288 151 2352 iu
172 2304 211 2351 eo
233 2287 306 2372 ipso
328 2285 499 2350 constabat
519 2287 591 2368 eius
612 2294 799 2371 apparatus,
820 2287 901 2351 solis
923 2291 1068 2353 fortasse
1084 2288 1202 2376 aliquot
1223 2294 1227 2303 '

117 2386 230 2452 amicis
251 2391 355 2450 notus.
398 2383 471 2469 Ego
494 2386 592 2469 igitur
614 2393 689 2472 post
709 2385 769 2464 ἤδη
789 2387 968 2454 addiderim
988 2390 1056 2469 καὶ,
1080 2396 1202 2473 πλεους

118 2488 222 2553 tentia
244 2486 308 2551 sit:
338 2505 418 2550 non
446 2487 580 2552 solnm
608 2486 753 2553 hostes
780 2488 904 2553 latuit
932 2487 1028 2578 [scil.
1051 2490 1200 2576 impetun

116 2581 276 2676 paraus),
298 2587 371 2652 sed
393 2588 517 2651 etiam
540 2587 847 2676 Athenienses,
868 2588 935 2674 qui
953 2590 1034 2672 jam
1056 2590 1201 2677 despe-

116 2689 281 2766 rabant,
312 2694 352 2753 et
380 2705 450 2751 eos
479 2686 763 2753 conscendere
795 2687 946 2771 jubens
980 2690 1124 2755 solvit.
1165 2686 1199 2757 (l.

116 2787 273 2854 xxxiii.
297 2785 387 2852 tle.
415 2806 446 2852 a.
473 2789 506 2852 in
528 2788 657 2853 verbis:
697 2785 930 2874 Ἐψηφιλταντο
953 2789 987 2853 bt
1006 2786 1067 2868 τὴν
1088 2789 1204 2857 uriom

117 2884 297 2952 ἀποδοῦναι
319 2885 408 2970 αὐτῷ
431 2889 562 2954 videtur
583 2885 673 2970 αὐτῷ
696 2888 867 2953 delendum
889 2907 978 2954 esse.
1026 2913 1032 2921 ·

201 2987 238 3053 ln
261 2987 330 3053 vita
353 2985 565 3055 Coriolani
587 3007 614 3055 c.
636 2988 696 3053 ΧΙ.
720 2984 810 3053 218.
834 2988 865 3053 d.
888 2990 1076 3054 inventis:
1102 2992 1202 3075 vett

116 3091 213 3176 τρίτῳ
221 3083 354 3170 ὕστερον
368 3085 528 3172 ἐχρήσατο
542 3085 683 3174 πράξεώς
696 3113 783 3164 τινος
795 3087 815 3167 ἢ
826 3087 953 3168 τάχηςῆ
967 3090 1055 3167 ἰδέας
1063 3088 1202 3179 ἢάρετῆς

116 3191 269 3268 ἐπιθέτῳ,
290 3187 445 3274 καθάπερ
460 3186 612 3267 Ἕλληνες
632 3187 942 3274 ἐτίθεντο-πράξεως
963 3188 1201 3277 ptolomaeum,

115 3287 174 3354 τὸν
195 3289 341 3373 Σωτῆρα
362 3313 393 3353 κ,
414 3314 444 3356 τ.
467 3292 512 3365 λ,
555 3291 675 3374 primus
696 3288 854 3357 Reiskius
888 3288 1023 3356 offendit
1050 3309 1201 3369 censens,

116 3390 275 3475 probante
301 3389 475 3466 Huttenio,
516 3389 638 3454 deesse
660 3396 735 3472 post
755 3386 931 3477 explicato,
971 3387 1015 3466 ὠς
1035 3394 1095 3456 καλ
1115 3390 1203 3475 ἀλλα

114 3489 176 3569 ἤδη
197 3490 296 3576 τρίτῳ
318 3485 453 3570 ὀνόματι
474 3486 666 3573 ἐχρήσαντο.
710 3487 893 3574 Sequentia
914 3492 999 3556 enim
1020 3487 1040 3568 ἢ
1062 3486 1202 3572 trima?

115 3591 204 3666 ἰδέας
226 3610 330 3676 neque
351 3589 475 3655 Marcio
497 3609 603 3676 neque
635 3588 709 3653 huic
739 3591 873 3656 facinori
899 3590 1102 3681 convenire,
1143 3590 1207 3659 sed

113 3692 300 3784 generalius
321 3708 400 3756 esse
423 3689 520 3757 dicta.
564 3689 639 3755 Non
666 3690 771 3755 miuus
800 3691 938 3757 offendit
966 3699 1042 3777 post
1064 3688 1202 3759 Carnem

115 3791 334 3870 sebastenus,
368 3790 421 3874 qui
443 3789 546 3855 locum
568 3791 688 3857 misere
709 3791 853 3857 laxatum
875 3811 933 3879 per
955 3790 1141 3871 socordiam
1161 3792 1203 3857 li-

114 3892 289 3958 brariorum
312 3892 360 3956 sic
382 3889 665 3976 redintegrandum
688 3910 769 3957 csse
786 3876 927 3957 siradet:
969 3892 1016 3975 roi
1043 3893 1080 3959 dd
1104 3896 1203 3979 τρίτῳ

115 3980 248 4076 ὕστερον
275 3989 452 4076 ἐχρήσαντο
480 3994 643 4073 ἐπιθέτῳ,
687 3989 841 4076 καθάπερ
864 3989 1016 4070 Έλληνες
1050 3982 1208 4059 edema·
