2580 4514
42 344 45 349 ·
156 334 297 399 virtutes
318 340 479 419 spectare.
524 334 683 403 Praefero
705 343 812 402 tamen
834 335 1017 419 vulgatam,
1045 336 1124 423 quia
1144 336 1237 405 libro-

155 454 223 498 rum
253 434 449 501 auctoritate
476 435 587 501 nititur
612 442 735 503 mutata
768 436 840 503 sola
864 432 971 502 verbi'
984 434 1126 515 ζηλωτὴς
1150 438 1239 521 sete,
1280 426 1282 459 ¹

155 533 238 620 quod
275 541 351 621 post
384 543 549 617 γεγονέναι
580 536 766 601 collocetur.
832 531 870 600 C.
901 534 1062 601 xxvnr.
1095 532 1189 603 303.
1212 538 1248 605 h·

153 636 257 701 verbe
278 635 455 720 Pelopidae
475 642 569 699 sunt:
592 631 642 699 ὅτι
663 624 834 711 ἄδετος
798 660 881 701 ουσα
903 632 1068 718 ὑπομένεις
1085 632 1238 719 Ἀλέξαν-

154 739 238 820 δρον
282 734 361 822 Cap
382 738 490 799 XXX.
514 731 604 800 294.
628 755 656 801 c.
686 755 744 821 pro
773 734 876 839 αὐτού
903 734 967 801 οἶδε
992 734 1140 803 lorthsse
1167 736 1237 805 olirh

151 836 233 902 εἶδεν
253 833 356 900 αὐτοῦ
378 842 449 901 erat
468 838 634 920 scriptum.

237 934 275 1000 lu
297 936 356 1001 vit
369 932 566 1000 Marcelli
590 955 616 1001 e
630 936 671 999 V
694 935 784 1001 300.
797 936 827 1002 h.
850 957 908 1023 pro
930 938 1025 1021 expio
1045 936 1165 1023 post'
1145 946 1236 1025 σφοῖ-

153 1060 209 1101 ναι
229 1035 336 1101 scribe
355 1036 448 1119 χρῆν.
492 1035 540 1101 lh
555 1032 655 1101 ‘He‘
682 1034 719 1101 ού
741 1035 973 1123 κατεφρόνησε,
992 1042 1104 1105 καίτοι
1122 1038 1238 1123 μικροῦ

154 1136 248 1213 ὄντος
284 1137 343 1200 τού
373 1138 581 1217 ἐλλείμματος
609 1155 629 1201 e
657 1138 845 1219 conjectura
873 1140 981 1203 Arion.
1016 1138 1106 1219 (eod.
1136 1138 1238 1221 Dee.)

153 1239 312 1323 probante
333 1236 464 1323 Bryano
487 1230 647 1302 dederunt
669 1234 793 1303 Coraes
815 1244 849 1304 et
870 1236 1092 1325 Scheelerus,
1114 1241 1236 1305 cumin

152 1340 242 1404 libris
263 1346 298 1403 et
318 1338 418 1421 vulgo
436 1334 485 1401 ‘H
500 1334 531 1400 δ
559 1334 598 1400 ού
619 1335 838 1423 κατεφρόνησε
859 1340 919 1404 τού
939 1336 1166 1425 acceptatoris
1187 1336 1237 1405 ού-

152 1463 214 1515 τως
234 1441 416 1516 ἐλλείματσς
444 1443 550 1516 (teste
571 1438 743 1522 Stephano
765 1438 884 1521 legitur
905 1440 1002 1505 etiam
1022 1434 1237 1519 ἐγκλύμυτος)

153 1540 370 1606 exhiberetur.
413 1537 572 1601 Reishius
593 1539 779 1622 suspicatus
801 1546 853 1603 est
874 1536 1044 1622 τοῦπαρὰ
1064 1536 1185 1623 μικρὸν
1209 1562 1236 1605 κ.

154 1665 183 1704 τ.
200 1642 228 1704 λ.
252 1638 388 1703 errati
410 1638 456 1701 ob
479 1658 559 1701 uem
582 1645 660 1702 turn
684 1639 874 1704 minutam
902 1638 1126 1721 commissi,
1158 1638 1237 1725 quod

19 1766 27 1777 ¹
147 1741 223 1822 jure
243 1737 403 1822 improbat
417 1735 629 1802 Schuelerus.
660 1737 733 1821 Ego
748 1738 919 1823 probarem
934 1734 1117 1823 vulgatum
1134 1737 1166 1803 si
1181 1738 1238 1805 de-

152 1837 326 1904 monstrari
347 1842 463 1921 posset
483 1836 571 1901 κατύ
592 1836 707 1921 μικρὸν
728 1838 816 1904 allud
838 1839 913 1925 quid
926 1838 1237 1925 qurum'paulatim

151 1937 313 2003 interdum
335 1936 528 2020 siguificare.
574 1935 645 2016 Qua
667 1937 709 2002 de
730 1936 1024 2017 fecundatorem,
1045 1940 1238 2023 conjecerim

152 2037 360 2102 Plutarchum
381 2039 440 2100 τού
461 2035 550 2101 κατὰ
569 2035 687 2124 μιαρὸν
709 2034 810 2114 οὕτως
830 2036 1030 2121 ἐγκλήματος
1049 2040 1238 2125 scripsisse.

152 2138 320 2203 Polluerat
341 2137 426 2202 enim
448 2137 572 2221 patrios
595 2142 628 2202 et
639 2157 752 2203 saeros
767 2139 858 2203 ritus.
901 2137 939 2203 Ο.
953 2142 1014 2203 Vl.
1030 2136 1122 2203 300.
1137 2156 1169 2205 e.
1182 2158 1237 2225 pro

152 2235 245 2304 πόλιν
277 2233 354 2323 ὑπὲρ
382 2237 531 2317 ποταμοῦ
560 2232 680 2302 Πύδου
711 2235 932 2319 ἀνῳκισμένην
966 2238 1117 2323 suspicor
1131 2235 1238 2303 ’πόλιν

152 2333 227 2421 ὑπὲρ
248 2334 394 2418 ποταμὸν
415 2334 534 2401 Πάδον
561 2360 661 2419 αυιμκ.
690 2339 763 2402 olim
791 2338 893 2403 luisse
924 2338 1081 2423 scriptum
1108 2358 1143 2407 v.
1164 2338 1238 2405 Xe-

152 2437 248 2523 noph.
273 2438 380 2503 Auab.
403 2441 432 2522 1,
458 2435 492 2501 1.
517 2433 553 2502 9.
597 2435 633 2503 C.
653 2443 731 2504 Vll.
754 2436 845 2503 301.
869 2457 979 2525 c..pro
1000 2435 1084 2522 ἀνὴρ
1103 2438 1238 2521 portulae

150 2561 185 2602 τε
206 2534 356 2618 σώματος
377 2535 489 2617 ἔξοχος
509 2539 668 2603 Γαλατῶν
687 2541 744 2603 καὶ
771 2542 936 2622 πανοπλία
960 2530 1003 2603 ἐν’
1019 2534 1239 2621 ἀργύρῳ-καλ

148 2641 260 2724 χρυσῷ
282 2641 340 2703 καὶ
360 2639 487 2724 βαφαῖς
507 2643 564 2704 καὶ
585 2640 664 2704 πᾶσι
686 2643 910 2727 ποικίλμασιν,
950 2635 1056 2723 ὥσπερ
1077 2632 1238 2731 ἄστρων,

96 2804 104 2815 ,
151 2739 312 2827 διαφέρων
329 2737 504 2823 στιλβούσῃ
518 2740 615 2823 vulgo
629 2737 709 2823 ἀνὴρ
720 2782 727 2799 .
809 2743 866 2805 καὶ
882 2741 1046 2821 πανοπλία
1057 2742 1094 2803 tls
1105 2734 1237 2821 ἀργύρῳ

151 2842 208 2904 καί
226 2841 339 2925 χρυσῷ
360 2842 417 2904 καὶ
437 2842 565 2925 βαφαῖς
585 2844 665 2904 πᾶσι
686 2843 743 2905 καὶ
764 2844 980 2921 ποικίλμασιν,
1001 2834 1108 2923 ὥσπερ
1118 2834 1240 2933 ἀστρα-

151 2935 195 3016 πὴ
216 2940 378 3025 διαφέρον
399 2941 578 3022 στίλβουσα
600 2940 766 3006 exhibent.
812 2941 904 3006 Vulc.
927 2934 1175 3025 dattrupyripp,
1195 2938 1238 3003 fl.

152 3036 342 3124 Stephanus
364 3041 444 3104 πᾶσι
464 3041 497 3105 in
518 3037 639 3115 πύοαις
666 3042 781 3106 mutari
809 3041 897 3122 vult,
940 3040 1048 3106 Αιιοιι.
1076 3040 1136 3103 καί
1161 3038 1240 3105 πᾶσι

153 3141 291 3221 conjecit
312 3140 512 3223 conjungens
533 3143 612 3206 πᾶσι
634 3160 706 3205 cum
728 3140 944 3222 ποικίλμασιν.
972 3140 1113 3221 Vulcoh.¹
1130 3140 1240 3207 ultima

152 3238 255 3304 verba
276 3245 378 3302 mutat
398 3239 430 3301 in
453 3235 556 3324 ὥσπερ
577 3237 745 3321 α’στραπὴν
766 3242 928 3328 διαφέρον
956 3240 1159 3325 στίλβουσαν
1184 3241 1238 3309 vel

152 3333 337 3419 στίλβουσα
379 3337 510 3422 Bryano
532 3340 698 3424 displicuit
719 3342 888 3427 διαφέρον,
911 3338 1070 3405 Reiskius
1084 3336 1238 3429 scripsit·

152 3433 375 3529 πανοπλίαν’
356 3434 486 3554 αμγύφῳ
507 3442 563 3504 καὶ
582 3463 694 3524 χρυσῳ
715 3463 772 3504 και
764 3442 915 3527 βαφαῖς
936 3442 993 3505 καλ
1013 3440 1095 3505 πᾶσι
1114 3444 1239 3509 ποικίλι·

151 3560 271 3619 μασιν,
300 3532 403 3626 ὥσπερ
431 3535 600 3625 αστραπὴν
570 3541 809 3627 [διαφαίνων
829 3542 1037 3624 στίλβουσαν.
1079 3514 1238 3629 Equidem

152 3636 323 3720 legendum
357 3657 435 3704 esse
464 3659 611 3706 censeo:
655 3642 712 3706 καὶ
740 3643 924 3706 πανοπλιαν
953 3645 1021 3722 (et
1049 3640 1160 3727 quod
1188 3638 1236 3709 ad

151 3756 260 3803 arma
280 3736 499 3819 attinet)'
480 3737 714 3826 αρμύρφ.....
737 3744 794 3806 καὶ
816 3743 894 3806 πᾶσι
913 3736 1236 3825 ποικίλμασινῶοπιρ

152 3835 302 3920 ἀστραπὴ
316 3839 476 3926 διαφέρων
489 3828 748 3923 στίλβουσα.”ἰῐιι
769 3847 804 3905 ul
826 3840 919 3906 homo
940 3842 1014 3926 ipse
1033 3838 1235 3926 splendidius

151 3938 242 4005 simi·
264 3939 364 4005 armis
384 3939 515 4005 indutus
543 3959 614 4005 eum
642 3940 792 4025 ἀστραπῇ
820 3938 996 4024 στιλβούσῃ
1025 3944 1237 4025 comparetur.

153 4037 191 4104 C.
212 4041 246 4105 ·V
247 4043 304 4106 111.
330 4037 421 4105 303.
444 4040 471 4106 b.
493 4040 528 4105 iu
549 4041 681 4106 verbis:
702 4038 740 4105 τὸ
761 4037 825 4126 ylio
847 4039 978 4106 τύπτειν
998 4036 1236 4128 cepisset-'Pe-
