2580 4514
410 157 680 223 -397..

77 333 113 398 ul
137 327 294 395 refellat.
325 325 496 412 Xylander
516 331 624 391 autem
647 323 763 403 verbu.
798 324 894 411 quasi
912 278 981 391 δάν
1000 329 1095 393 esset
1170 308 1173 314 ’

75 433 165 507 itum,
186 432 233 494 ita
255 427 375 493 vertit:
397 427 463 516 Fit
485 426 588 491 enim
609 426 695 493 ista
714 426 898 507 ratione,
931 432 973 492 ut
993 426 1097 495 diem

75 551 104 598 e
126 547 278 614 negare
299 533 341 594 et
364 531 525 593 noctem
547 526 767 592 etiamnum
797 529 947 594 durare
974 546 1096 612 cugae

75 655 89 699 r
108 631 272 718 iateri,·
296 648 378 695 cum
400 628 530 694 adhuc
550 627 660 694 inira
681 634 835 694 terrum
856 628 983 695 multa
1002 629 1096 696 luce

75 739 197 800 nente
225 730 286 796 sol
308 736 492 797 nostram
513 727 673 813 plagam
701 729 904 795 illustrat.
945 727 993 795 Et
1010 748 1097 797 sane

75 835 84 898 i
104 842 231 920 quoque
252 837 329 918 post
348 831 477 912 μηδέπω
499 827 631 894 videtur
651 831 718 894 δεῖν
738 821 925 917 excidisse,
954 839 1021 918 quu'
1032 851 1099 899 re·

75 942 155 1001 [ου.
179 934 299 999 Petav.
332 932 406 998 Ald.
434 930 515 996 Bas.
537 949 596 1016 pru
624 925 701 1018 ὑπὲρ
729 933 791 1014 γῆν
805 930 925 998 ‘scribo
951 929 1014 998 ὑπὸ
1030 935 1099 1016 ’γῆν

75 1055 116 1101 ue
137 1032 298 1120 postsed
320 1040 398 1098 ante
419 1029 502 1114 ἡμᾶς
522 1032 735 1120 interpungo,
776 1039 812 1096 ui
837 1035 1002 1102 sententia
1031 1036 1092 1100 situ

79 1154 127 1200 nc
156 1133 535 1200 mathematicorum
566 1133 769 1198 rationem
803 1134 839 1198 si
872 1136 1096 1222 sequimur,

75 1236 197 1319 :idet,.
215 1238 272 1301 sut
293 1239 329 1301 si
351 1235 457 1300 solis
481 1241 665 1300 centrum
687 1233 856 1300 nundum
883 1235 936 1301 ad
957 1236 1098 1302 circu-

75 1359 89 1403 n
110 1339 322 1403 finitorem
343 1335 558 1422 appulerit
579 1342 619 1401 et
641 1335 718 1401 lrac
739 1335 789 1400 de
816 1344 945 1402 causa
966 1338 1100 1404 >etiam
1228 1416 1233 1423 ¹

75 1439 136 1504 lta
157 1439 226 1504 lux
247 1437 379 1505 adhuc
405 1436 517 1502 inira
544 1443 698 1502 terrum
730 1436 819 1515 sit,·
848 1437 970 1503 etiam
1003 1440 1099 1532 sole

75 1539 344 1605 r.cnlluceute
366 1543 408 1604 et
429 1541 581 1602 terram
603 1535 851 1602 illustrante
873 1557 946 1604 nos
974 1559 1099 1627 epur-

75 1643 99 1706 :t
129 1639 257 1706 fateri
283 1637 459 1704 nondum
497 1636 622 1722 diem,
663 1634 734 1702 sed
774 1636 1099 1709 adhuc-noctem
1224 1657 1228 1669 ’

75 1760 117 1807 ιθ.
160 1735 534 1805 (i.1.xxxvll.285.
561 1736 593 1802 d.
623 1737 657 1802 in
684 1737 820 1803 verbis:
862 1736 901 1803 τὸ
927 1738 994 1824 γάρ
1022 1739 1101 1830 δόρυ

75 1838 240 1932 ριν.(ΧγΙ.
261 1841 384 1907 mavult
405 1833 520 1928 κύριν]
542 1834 679 1903 ἐκάλουν
700 1842 734 1904 οἱ
762 1841 902 1904 παλαιοί
909 1859 919 1880 ·
961 1839 1013 1907 διὸ
1041 1847 1103 1908 καί

75 1967 94 2008 ιι
115 1941 265 2028 Κυρῖνον
287 1938 516 2022 ὀνομασθῆναι
535 1934 726 2018 Ἐνυάλιον,
769 1959 828 2024 pro
849 1937 1001 2025 Κυρῖνον
1026 1941 1099 2029 euti.

77 2091 86 2110 .
110 2044 243 2110 exhibet
263 2038 384 2129 κύριον,
406 2046 442 2106 et
461 2038 537 2127 Ald.
559 2044 595 2104 et
604 2037 684 2105 Bas.
705 2040 809 2125 κῦριν,
829 2038 915 2125 quod
934 2058 1000 2105 nun
1021 2061 1102 2126 pru·

76 2144 161 2210 dum.
205 2142 277 2210 Sed
299 2140 383 2227 quud
410 2139 496 2205 idem
525 2139 599 2204 Pet.
625 2145 705 2206 ante
729 2135 902 2205 Ἐνυάλιον
932 2141 1102 2214 articulum

81 2243 196 2322 addit,
239 2243 356 2328 placet.
422 2239 599 2306 Sententia
628 2239 714 2305 enim
753 2245 825 2304 estu
857 2239 1103 2326 ‘Propterea

84 2365 142 2412 am
184 2344 329 2410 dicunt
371 2341 585 2423 Quirinum
625 2339 867 2406 nominatum
909 2357 1008 2408 esse
1042 2343 1102 2424 iu,

75 2445 117 2511 nd
139 2445 393 2511 bellicosum
416 2449 493 2510 est.
537 2439 632 2507 Ccnl.
654 2439 696 2505 de
717 2439 779 2505 huc
799 2439 871 2505 Ιοοο
892 2439 952 2505 vit.
974 2441 1103 2509 Romul.
1220 2488 1222 2492 ι

75 2543 130 2611 uu.
154 2565 182 2611 e.
226 2542 261 2610 (l.
283 2540 356 2610 XO.
375 2540 468 2610 285.
483 2561 511 2608 e.
532 2543 617 2608 haec
636 2540 806 2625 leguntur:
826 2543 898 2606 κυνὶ
918 2543 954 2606 δὲ
973 2539 1103 2610 πάντων
1155 2580 1157 2584 ν

75 2668 158 2711 nuru
186 2647 251 2709 τῶν
278 2642 366 2724 ζώων
392 2646 575 2726 ἐπολέμησε.
605 2644 661 2706 κυνὶ
696 2636 761 2725 γάρ
795 2630 891 2717 οὗτος
925 2639 1014 2725 αὐτῷ
1051 2640 1103 2711 ἀεὶ

75 2743 121 2811 ,λά
142 2741 319 2828 πράγματά
341 2752 494 2831 παρέσχε,
521 2745 579 2809 κνιὶ
600 2739 618 2807 ὁ
639 2740 806 2826 Κέρβερος
814 2766 826 2803 ·.
865 2744 994 2808 κοάεὲπὶ
1013 2744 1103 2826 πάσι,

101 2848 285 2927 Λικυμνίου
314 2842 428 2920 παιδὸς
456 2845 572 2909 οἰωνοῦ
597 2840 654 2908 διά
681 2845 765 2907 κάνοι
792 2838 1013 2929 φονευθέντος
1034 2835 1104 2912 ,ὑπὸ

75 2973 79 2998 ι
97 2943 385 3023 Ἱπποκοωντιδῶν,
407 2942 635 3025 ἀναγκασθεὶς
654 2941 763 3024 μάχην
785 2941 952 3028 συνάψαι,
965 2977 967 2981 ’
981 2946 1046 3011 τάν
1063 2943 1101 3013 ,τ’

75 3071 125 3112 ,ων
147 3050 251 3133 φίλων
272 3042 410 3120 πολλοὺς
431 3042 586 3126 ἀπέβαλε,
629 3041 766 3109 καὶτὸν
787 3041 1104 3132 άὸελφὸν-Ἰφικλέάι

75 3169 80 3211 ι
102 3147 137 3212 iri
157 3149 269 3213 verbis
282 3149 356 3230 jure
379 3145 524 3211 offendes
545 3145 678 3228 legens:
711 3145 833 3210 etenim
854 3145 907 3211 hic
929 3142 973 3235 (i.
992 3162 1032 3212 e·
1046 3162 1106 3215 ca·
1142 3203 1146 3210 .

91 3249 126 3314 in
148 3244 357 3337 uuiversum)
379 3247 479 3313 multa
500 3245 531 3312 ei
553 3263 683 3330 semper
705 3246 783 3311 lecit
803 3248 936 3330 negotia
963 3255 998 3323 et
1020 3247 1106 3316 Cer·
1141 3305 1144 3308 .

77 3369 116 3416 us
137 3357 172 3415 et
193 3350 277 3414 alius
299 3350 402 3414 cauis.
448 3346 523 3412 Erit
544 3354 635 3413 certe
657 3343 708 3411 ἀεὶ
729 3345 916 3428 delendum,
946 3352 1021 3437 quia
1043 3351 1106 3417 duo

75 3450 194 3536 pulania
214 3450 368 3516 Herculis
391 3449 571 3515 certamina
594 3466 665 3513 cum
687 3449 821 3515 canibus
842 3450 947 3516 solum
967 3455 1105 3518 afferun-

80 3599 91 3639 ,
122 3570 167 3616 ex
188 3552 302 3637 quibus
324 3568 524 3634 nequaquam
545 3546 694 3614 concludi
715 3555 845 3637 potest,
876 3569 976 3617 canes
997 3568 1107 3617 sem·

75 3672 91 3717 r
121 3652 296 3719 Herculem
333 3668 490 3717 vexasse.
555 3649 650 3716 Satis
685 3654 792 3714 autem
827 3656 979 3728 cunstat,
1012 3669 1106 3738 quam

75 3771 121 3838 pe
149 3771 170 3818 a
197 3751 338 3818 librariis
368 3748 420 3815 άιὶ
446 3750 491 3814 sit
518 3749 672 3815 additum.
716 3749 754 3815 Ο.
786 3750 873 3817 xci.
902 3748 991 3817 285.
1019 3750 1042 3814 l.
1069 3750 1105 3816 in

75 3854 132 3920 tis
153 3850 195 3918 δι’
221 3854 305 3940 [lucc
326 3869 436 3937 recep.
459 3850 550 3917 Hutt
571 3869 602 3916 a.
616 3850 694 3936 Xyl.
716 3851 806 3938 vulg.
827 3846 945 3940 abest)
967 3847 1004 3912 ὃν
1017 3844 1107 3912 άπά-

75 3949 119 4018 ·ὁν
140 3977 244 4040 φάσιν
264 3951 348 4019 εἶναι
369 3953 416 4034 τῷ
439 3957 529 4038 οἴκῳ,
549 3942 661 4033 μηδενὶ
681 3952 823 4036 Μάνλιύυ
845 3951 949 4030 ὄνομά
962 3944 1107 4034 Μάρκου

75 4055 194 4143 cuium
216 4055 324 4122 scribe
344 4048 383 4118 τὸ
404 4047 520 4132 ὄνομα,
540 4056 595 4118 est
615 4050 702 4118 enim
721 4049 766 4118 de
786 4057 878 4118 certo
900 4047 1003 4115 Murci
1022 4047 1109 4117 illius
