2580 4514
380 211 383 220 1
511 112 848 194 ..mo-1·
919 109 921 113 ,

82 301 207 376 mmor,
245 286 298 353 ubi
325 286 467 353 sortasse
495 287 569 354 oiim
597 290 653 355 καὶ
672 284 694 354 Ιό
714 254 862 371 ποιότης
868 294 929 361 τοῦ
952 251 1109 381 Θερσίτου
1130 293 1190 363 fuit
1251 281 1257 289 .,

84 389 265 474 scriptum

182 494 220 554 ln
243 489 324 554 libro
358 488 407 554 de
433 488 497 554 sui
525 487 779 556 laudemur.
803 457 899 557 540.
920 495 949 558 b
970 497 1189 616 postvzerba
1276 483 1286 577 J

88 585 184 683 cilici
197 599 403 677 παραχωρεῖν
423 597 493 665 τοῖς
514 593 710 671 τιμωμένοις,
733 601 792 676 pro
806 592 849 658 άν
861 584 986 673 άξιοι’
962 619 1042 660 ωσιν
1055 615 1097 662 ex
1112 595 1188 663 Ald
1221 599 1223 601 ’

90 697 130 758 et
145 689 227 756 Bas
249 687 353 769 άξιοις
379 679 471 756 οὖσιν
492 696 545 756 est
531 689 810 757 trestituendum
853 691 889 759 C
911 694 1079 760 115540.
1104 697 1189 762 b.in

90 791 231 856 verbis.
253 791 341 866 οἴους
361 792 418 871 μέν
440 788 621 874 Εὐβοεῦσιν
642 796 674 855 οἰ
684 788 863 908 Adnuaioc
884 791 1003 869 αὑτοὺς
1013 802 1188 882 παρέσχον,

91 892 261 975 conjicere
282 891 412 956 licebit:
431 897 594 975 παρέσχον
614 887 744 967 αὐτοὺς.
790 891 827 958 C.
849 897 891 959 X.
914 893 1005 959 542.
1027 895 1059 960 d.
1084 896 1189 981 Wyt-

92 993 186 1058 tenb.
209 990 281 1057 cod.
306 990 347 1055 D
370 998 505 1056 secutus
529 990 649 1075 edidit.
671 987 871 1074 ἐπιγινώσκει
891 995 955 1109 γάρ
977 991 1079 1070 εὐθὺς
1095 1001 1129 1060 έν
1140 1020 1187 1079 τοι

94 1094 242 1175 λέγοντι,
286 1089 348 1156 κάν
370 1095 438 1175 περὶ
461 1071 563 1156 άλλου
585 1093 736 1172 λέγηται,
780 1089 838 1190 τὴν
859 1089 1037 1174 ὁμοιότητα
1065 1093 1189 1210 άρετῆς,

93 1193 162 1256 τών
184 1190 293 1256 αὐτών
314 1187 445 1306 άξίανέ
447 1196 569 1255 παινων
591 1179 711 1270 οὖσαν,
733 1211 804 1256 cum
826 1195 946 1278 vulgo·
969 1193 1188 1277 ἐπιγινώσκειν

91 1289 159 1375 γάρ
176 1300 210 1357 et
226 1289 304 1356 ιλιΗ
289 1289 464 1373 ομοιότητα
485 1315 599 1375 αρετης
610 1292 796 1358 exhibeant
839 1295 907 1360 lna
893 1294 1105 1378 ἐπιγινώσκει
1095 1317 1187 1364 eon·
1219 1282 1226 1300 x

93 1394 244 1458 sentiunt
231 1393 362 1458 tVoss.
387 1393 467 1459 Coti.
490 1393 532 1456 N.
545 1391 641 1458 Meu.
664 1412 725 1457 uec
748 1414 812 1459 uon
837 1394 972 1474 Reisk.,
1011 1397 1063 1481 qui
1085 1395 1188 1462 iocum

95 1495 143 1561 iu
173 1493 395 1577 corrigendum
425 1494 583 1577 conjecit:
626 1491 824 1575 ἐπιγινώσκει
857 1493 921 1581 γάρ
948 1493 1051 1572 εὐθὺς
1077 1503 1110 1561 έν
1136 1497 1187 1579 τῷ

95 1597 239 1682 λέγοντι,
282 1593 345 1676 κάν
373 1597 442 1679 περὶ
470 1596 573 1658 ἄλλου
600 1595 694 1676 λέγῃ,
738 1593 781 1658 δι’
815 1593 1015 1679 ὁμοιότητα,
1060 1592 1188 1685 ἀρετὴν,

94 1697 162 1760 τῶν
184 1693 292 1761 αὐτῶν
312 1718 343 1759 κ.
366 1719 395 1758 τ.
418 1701 446 1759 λ.
489 1693 561 1778 Ego
585 1693 835 1778 Wytteubachii
857 1697 1016 1762 rationem
1043 1697 1188 1781 probans

96 1815 165 1862 non
187 1796 291 1859 miuus
313 1813 383 1859 cum
404 1813 444 1859 eo
473 1795 639 1859 articulum
668 1797 724 1875 τῆς
753 1801 843 1861 ante·
859 1793 978 1879 ἀρετῆς·
1006 1793 1189 1876 addendum

95 1914 178 1961 esse
199 1895 347 1960 arbitror.
392 1890 427 1959 O.
451 1895 544 1959 XXI.
569 1894 659 1960 545.
683 1916 712 1961 a.
736 1897 767 1962 iu
790 1898 923 1965 verbis.
953 1900 1009 1965 καὶ
1038 1899 1188 1983 περὶτοῦ

96 1996 237 2079 Περσών
257 1996 436 2080 βασιλέως,
474 1993 618 2078 μεγάλου
639 1999 673 2063 δέ
693 1999 911 2080 καλουμένου,
956 1995 1210 2116 όἉγησέλαοχηρ

95 2115 180 2192 sane
201 2104 278 2182 post
299 2097 500 2175 καλουμένου
520 2115 625 2181 pausa
647 2103 708 2164 est.

184 2197 287 2264 Duos
298 2198 397 2282 igitur
418 2198 471 2282 qui
501 2216 582 2264 vere
610 2198 775 2264 offendere
802 2198 929 2284 possint
957 2199 1064 2264 hiatus
1094 2198 1189 2280 hujus

94 2299 169 2366 libri
190 2298 237 2364 ita
259 2298 415 2381 corriges,
439 2304 474 2362 ut
494 2297 630 2363 alterum
654 2299 756 2364 iocum
778 2319 806 2364 c.
830 2299 889 2365 111.
912 2298 1005 2365 codd.
1027 2301 1187 2382 auctorit,

94 2400 234 2467 aiterum
256 2417 286 2463 c.
306 2397 366 2469 [X.
390 2417 409 2462 e
431 2398 618 2479 conjectura
639 2398 805 2475 emendes.
1047 2480 1062 2493 „

84 2544 91 2550 ›
184 2500 223 2563 lu
245 2498 326 2564 libro
348 2497 396 2564 de
419 2516 513 2562 sera
536 2499 720 2564 numinis
742 2487 932 2566 vindicta
963 2518 992 2564 c.
1016 2499 1058 2564 11.
1094 2496 1186 2566 549.

94 2621 127 2667 ει.
150 2601 183 2665 iu
205 2600 340 2665 verbis:
385 2596 420 2675 ὃς
447 2595 497 2662 άεὶ
526 2594 659 2680 βάπτων
679 2600 736 2662 καὶ
756 2598 881 2686 βρέχειν
901 2596 946 2663 τώ
968 2596 1044 2665 πόδε
1065 2603 1109 2674 εἰς
1129 2597 1188 2665 τὸν

94 2700 259 2783 ποταμὸν,
298 2699 395 2763 Voss.
419 2704 453 2763 et
474 2699 570 2763 Harl.
593 2700 744 2764 omittunt
776 2695 821 2763 τώ
849 2696 942 2779 πόδε,
975 2717 1059 2785 quae
1088 2700 1188 2765 etiam

94 2804 129 2890 in
153 2799 395 2866 arronei-nen.
417 2794 568 2889 (dequo
589 2800 667 2866 vide
690 2800 727 2866 C.
750 2799 849 2865 Jahn.
872 2800 905 2865 in
930 2801 1004 2867 Act.
1027 2797 1103 2866 Soc
1126 2799 1186 2864 Gr.
1240 2864 1245 2874 ,

96 2903 134 2989 1,
157 2902 206 2980 ΙΙ,
229 2921 260 2985 p.
284 2897 374 2963 344.
400 2905 435 2964 et
455 2897 550 2989 squ.)
584 2906 713 2986 punctis
744 2900 848 2964 rubris
876 2906 952 2964 suut
973 2907 1096 2965 notata.
1141 2898 1188 2966 nt

94 3003 174 3070 mihi
196 3000 340 3086 profecto
362 3000 446 3065 haec
468 3002 569 3065 verba
591 3008 682 3067 recte
703 2998 823 3066 abesse
835 3001 997 3065 videntur.
1041 2997 1188 3066 Βάπτειν

95 3105 182 3171 euim
205 3110 240 3167 et
260 3101 386 3182 βρέχειν
409 3102 460 3166 hic
482 3101 626 3167 absolute
647 3101 711 3166 dici
733 3106 854 3185 potest,
877 3101 951 3186 quia
973 3119 992 3167 e
1014 3099 1188 3186 praecedd.

95 3204 194 3279 facile
215 3197 253 3265 τό
276 3204 371 3284 σῶμα
392 3201 577 3287 suppletur,
617 3208 653 3266 ut
674 3200 838 3266 sententia
867 3203 927 3266 sit:
970 3201 1116 3268 lavans
1144 3205 1189 3267 et

96 3305 272 3372 abluens
295 3303 382 3384 [scii.
398 3322 527 3390 corpus,
544 3294 627 3388 quo‘d
645 3302 757 3366 statim
771 3301 955 3387 praecedit)
976 3303 1014 3368 in
1035 3301 1051 3367 s
1054 3302 1063 3364 l
1074 3320 1187 3368 umen

94 3408 345 3491 imprecatus
375 3408 440 3467 est
470 3403 510 3468 ei
543 3403 823 3488 putredinem.
879 3402 916 3468 C.
947 3402 1007 3466 ΙΙΙ.
1038 3399 1129 3467 549.
1158 3421 1187 3467 ο.
1232 3449 1234 3453 -

94 3526 154 3594 pro
176 3510 286 3588 ἑτέρου
307 3502 393 3580 τινός
414 3505 508 3568 ἕνεκα
528 3505 653 3583 μάλλον
673 3504 807 3567 δοκοῦσι
821 3500 1011 3583 γίνεσθαι
993 3526 1013 3580 η
1026 3503 1187 3568 croam-

95 3611 169 3684 λίας
192 3604 456 3691 exspectaverim
478 3610 590 3670 cetera
612 3603 765 3719 probans
776 3600 942 3683 μαλλονῆ
967 3597 1005 3666 C.
1019 3601 1076 3667 lv.
1096 3601 1186 3667 550.

96 3710 127 3775 b
150 3708 271 3774 verba·
300 3706 484 3770 πείθεσθαι
505 3711 575 3778 τοῖς
594 3703 721 3785 νόμοις,
743 3698 785 3777 ώς
805 3700 849 3784 μὴ
869 3689 1051 3780 χαλεποὶ
1027 3725 1106 3766 ωσιν
1127 3698 1187 3765 αὐ-

94 3834 164 3885 τοις
186 3815 263 3874 suut
286 3805 487 3891 Ephororum
500 3803 745 3890 Spartanorum,
768 3821 852 3888 quae
876 3801 1067 3868 Plutarchus
1089 3800 1187 3872 etiam

94 3913 129 3977 in
152 3911 216 3996 ng.
239 3913 274 3973 et
296 3909 416 3974 Cleom.
440 3927 471 3993 p.
496 3902 638 3979 8080.
660 3922 688 3968 c.
704 3901 762 3966 ΙΧ.
785 3900 1056 3968 commemoravit.
1081 3899 1187 3967 (LVI.

92 4012 186 4078 551.
210 4029 239 4074 e.
262 4009 293 4076 in
317 4009 446 4095 verbis:
467 3997 489 4090 6
510 4008 567 4072 καὶ
589 4000 708 4095 τρόπος
728 3998 912 4085 ὠνομάσθη
933 3996 971 4066 τὸ
983 3997 1191 4087 μεταβάλλον
