2564 4508
569 72 737 197 -m
799 167 841 178 -

163 300 302 367 nendum
323 306 380 366 ant
400 296 419 377 ἢ
440 299 575 383 βιβλίον
596 300 689 383 ἱερῶν
710 295 855 384 φύλακες
875 316 954 363 esse
975 298 1170 383 legendum,
1192 316 1250 365 non

162 419 306 485 negans,
326 399 470 464 carmina
489 398 632 464 vatidica
654 417 755 484 posse
777 400 875 463 etiam
901 400 965 462 τῶν
986 402 1174 483 μυστηρίων
1194 416 1250 465 no·

159 502 244 566 mine
265 498 501 585 comprehendi.
546 497 664 579 Quidni
686 499 782 581 igitur
804 500 982 564 scribamus
1009 502 1066 563 καὶ
1080 496 1246 586 ,φύλακος

160 621 222 689 quo
245 607 314 666 tota
335 599 509 665 difficultas
530 606 584 667 est
604 589 760 664 sublata‘l

245 699 337 781 Quae
360 719 430 765 cnm
451 701 496 764 ita
517 702 595 780 sint,
615 700 648 764 in
670 698 827 764 tredecim
848 697 960 762 vidisti
982 698 1094 763 barum
1108 698 1247 765 vilarum

165 802 244 867 locis
265 800 402 866 vocales
421 801 468 864 ita
490 807 742 879 concurrentes,
785 806 819 862 ut
843 799 919 880 jure
942 798 1163 884 offenderent,
1203 818 1243 867 ex
1266 796 1270 803 “

159 902 274 987 quibus
295 903 327 965 in
346 900 525 965 Alcibiadis
546 901 616 966 vita
637 902 701 965 tria
722 899 879 983 ejusmodi
901 900 981 964 vitia
1004 918 1068 964 non
1088 900 1176 965 satis
1189 918 1242 967 oo·

161 1002 266 1067 (ficum
301 1003 494 1066 auctoritate
522 1001 708 1065 nitebantur
736 995 788 1089 (c.
818 999 909 1062 Xlll.
939 998 1068 1064 XXlll.
1098 998 1243 1093 xxvt)

160 1103 223 1168 tria
245 1102 319 1166 aliis
340 1099 383 1165 de
406 1101 516 1165 causis
538 1102 740 1165 correctione
764 1100 905 1182 egebant
928 1094 978 1189 (c.
1000 1100 1024 1165 l.
1048 1100 1087 1165 V.
1111 1110 1147 1167 et
1170 1100 1246 1191 Vl.)

162 1210 197 1267 et
217 1202 281 1266 tria
303 1209 436 1285 propter
462 1201 564 1267 solum
593 1199 714 1265 hiatum
744 1200 952 1266 offendebant
983 1198 1034 1290 (c.
1058 1200 1101 1265 V.
1121 1194 1243 1269 XXlVL

161 1308 196 1368 et
217 1296 408 1390 xxxin).
452 1302 491 1366 ln
512 1303 583 1367 vita
604 1297 768 1366 Coriolani
790 1306 896 1365 autem
927 1321 1008 1367 nnus
1035 1304 1128 1367 locus
1158 1302 1245 1371 codi-

160 1422 231 1468 cum
259 1421 321 1488 0pe
351 1407 422 1467 erat
448 1401 670 1466 emendandus
699 1399 750 1490 (c.
780 1397 911 1488 XVll.]
949 1408 983 1466 et
1004 1407 1077 1467 tres
1104 1402 1184 1469 aliis·
1205 1402 1243 1469 de

161 1503 270 1569 causis
298 1501 478 1584 corrigendi
514 1498 565 1593 (c.
587 1505 645 1566 XI.
673 1505 762 1566 XXI.
793 1497 966 1589 XXXII.).
1010 1503 1049 1567 ln
1076 1510 1240 1591 compara-

160 1604 333 1675 tiouenon
356 1609 409 1666 est
431 1601 551 1667 biatns.
1154 1600 1166 1623 ·’

244 1703 283 1768 ln
312 1702 686 1768 Timoleontisvita
713 1722 742 1768 c.
764 1706 837 1766 XII.
870 1700 961 1767 ⁶241.
991 1720 1022 1793 οι
1052 1703 1087 1768 in
1117 1704 1259 1777 verbio:¹

161 1800 244 1869 ὅθεν
265 1800 304 1879 δὴ
325 1799 535 1885 ἀνῃρέθησαν
557 1802 632 1866 dele
652 1801 691 1879 di]
712 1822 740 1866 c.
755 1803 824 1866 eod·
839 1803 876 1868 C.
921 1801 999 1888 Cap.
1013 1806 1140 1869 XXVI.
1156 1798 1237 1893 249.

160 1926 189 1970 c·
209 1907 243 1970 iu
266 1904 402 1970 verbis:
446 1900 606 1983 ἀναμίξας
626 1906 767 1984 ἑκατέρῳ
788 1908 825 1966 ἐν
845 1905 909 1968 τῶν
921 1902 1028 1982 ,ξέναν
1048 1900 1090 1969 οὐ
1110 1906 1238 1981 πολλοὺς

161 2026 202 2071 ne
223 2004 333 2074 dubita
355 2005 430 2088 quin
453 2020 472 2067 e
493 2002 563 2068 cod.
585 2001 671 2066 Mon.
695 2009 728 2067 et
754 2004 825 2066 l'ar.
850 2003 888 2066 ll.
913 2001 948 2068 C.
971 2010 1007 2069 ta
1028 2004 1160 2091 deleas,
1181 2022 1233 2093 qno

159 2106 253 2170 lacile
274 2121 432 2168 caremus.
476 2098 557 2188 Cap.
580 2101 687 2166 XXX.
713 2101 803 2167 251⁴.
828 2124 855 2168 e.
877 2104 1079 2170 Sobaelerns
1101 2125 1130 2171 c.
1152 2108 1235 2171 Αοο·

158 2226 244 2290 nym.
269 2204 397 2269 Dacier.
420 2208 455 2281 et
476 2199 581 2268 Corae
603 2203 722 2268 edidit:
743 2206 799 2279 τῆς
820 2204 909 2282 δίνης
930 2201 1043 2282 αὐτοῖς
1063 2202 1235 2289 ὁμολογου-

156 2313 258 2389 μένως
278 2305 318 2388 τῇ
346 2304 561 2385 Τιμολέοντος
581 2301 715 2384 εὐτυχίᾳ
736 2305 973 2389 ἐπιτιθεμένης,
1002 2326 1087 2391 qnae
1114 2308 1162 2373 ila
1181 2326 1235 2373 ex·

158 2408 274 2493 plicat:
304 2424 391 2469 cum
413 2424 544 2490 poena
566 2405 650 2468 illis
672 2404 783 2468 modo
812 2406 1117 2471 accommodato
1145 2406 1236 2473 leli·

161 2507 288 2572 citati
311 2505 585 2572 Timoleontis
607 2503 690 2591 (ie.
712 2505 774 2588 ita,
796 2510 831 2568 nt
853 2505 950 2569 etium
971 2505 1047 2571 binc
1068 2514 1236 2595 appareret

156 2624 280 2671 summa
310 2605 522 2669 Timoleontis
550 2601 713 2693 felicitas)
744 2606 1031 2688 imponeretur.
1089 2608 1237 2675 Probabit

158 2705 419 2788 ὁμολογουμένως
441 2706 537 2769 etiam
561 2712 691 2788 praeter
713 2704 901 2768 Hutteninm
924 2706 1155 2788 l'biersclrins,
1190 2706 1238 2795 qni

156 2814 212 2870 aut
233 2806 280 2870 ita
302 2810 358 2869 ant
380 2803 634 2886 ὁμολογουμένης
656 2804 825 2888 legendnm
839 2823 916 2870 esse
927 2814 1052 2872 censet.
1098 2810 1146 2872 At
1166 2806 1237 2891 ὁμο-

157 2909 357 2986 λογουμένως
378 2922 467 2968 mera
489 2906 675 2986 conjectura
690 2906 851 2989 Anonymi
872 2916 938 2992 est,
962 2906 1102 2993 indeque
1124 2910 1238 2975 hausta

157 3004 331 3070 allaeier.
372 3000 495 3068 Omnes
517 3007 601 3069 enim
628 3006 699 3069 libri
730 3011 880 3070 tuentnrz
923 3002 979 3084 ’τῆς
1008 3008 1098 3086 δίνης
1129 3002 1239 3083 αὐτοῖς

156 3104 416 3186 ἀπολογουμένης
437 3105 477 3186 τῇ
505 3105 721 3185 Τιμολέοντος
741 3101 875 3187 εὐτυχία
895 3108 1136 3188 ἐπιτιθεμένης,
1158 3126 1239 3197 quoe

157 3205 326 3290 Xylander
348 3205 394 3269 ita
415 3205 659 3289 interpretatus·
673 3212 745 3270 est:
788 3204 892 3272 adeo
920 3206 1106 3272 vindicta
1126 3208 1239 3273 divi·

156 3324 222 3379 na‚
245 3322 328 3368 cnm
349 3303 540 3370 fortunae
555 3306 831 3371 Timoleontis
854 3306 1074 3372 videretur
1094 3308 1239 3373 incom-

155 3404 386 3481 modatura,
417 3423 461 3469 se
483 3409 707 3470 excusavit
735 3406 795 3471 ita
822 3406 921 3471 illos
950 3408 1175 3492 puniendo,
1201 3416 1241 3473 nt

154 3522 205 3570 ne
235 3510 299 3570 etc.
345 3501 537 3569 Cruserius:
565 3512 689 3590 atque
717 3507 809 3592 ipsa
836 3516 1030 3573 causetur
1052 3508 1158 3575 ultio
1179 3508 1241 3575 ie·

141 3592 323 3669 'licitate
357 3624 400 3669 se
433 3604 706 3670 Timoleontis
740 3608 945 3674 inflictam
980 3608 1071 3672 illis
1104 3609 1241 3677 luisse

152 3723 211 3770 ne.
255 3703 394 3769 Heldius
416 3704 574 3790 denique:
610 3701 818 3772 excusans
846 3726 892 3773 se
922 3708 1145 3796 felicitati,
1166 3710 1187 3773 i.
1205 3728 1241 3777 e.

154 3805 352 3870 ostendebat
380 3823 418 3869 se
446 3805 522 3869 nibil
550 3806 592 3872 de
621 3808 777 3873 felicitate
805 3808 1018 3873 'l'imoleontis
1050 3806 1242 3887 detrdbero.

154 3901 245 3983 Quas
273 3904 456 3988 explicandi
485 3907 631 3975 rationes
656 3909 732 3989 jure
759 3916 926 3973 contortas
954 3910 1057 3974 dices.
1122 3910 1245 3979 Melius

155 4004 337 4071 Bredovius
359 4004 462 4069 locrrm
483 4008 667 4089 germanice
691 4008 737 4071 ita
758 4018 812 4073 est
833 4010 1089 4095 interpretatum
1135 4012 1246 4085 iudom
