2580 4514
457 110 899 214 fssm...

157 324 245 417 ἅπαξ
264 320 360 401 πιών,
390 324 499 386 ἔπειτα
519 341 551 384 ιι.
573 343 602 383 τ.
626 320 653 383 l.
697 314 840 383 Seianus
863 316 966 382 loeum
986 318 1106 387 melius
1128 320 1238 391 uteo

156 431 289 505 censet,
311 424 340 487 si
361 422 504 505 legature
526 416 678 495 ἐπιπιὼν,
702 420 812 481 ἔπειτα
832 413 881 481 τὸ.
924 416 1086 485 Reiskius
1109 422 1238 508 quaerit,

157 550 231 596 num
252 527 301 590 ἐπὶ
323 520 380 586 τὸν
401 532 513 585 κοῖτον
533 526 589 584 aut
611 520 661 582 ἐπὶ
683 515 741 595 τὴν
761 521 873 595 κοίτην
892 512 1064 586 ἀνέλυενδ.
1085 518 1240 609 Equidem

156 638 264 697 umen
286 623 388 690 verba
409 621 544 706 vulgata
566 621 612 684 ita
634 619 823 697 struxerim,
866 624 902 684 ut
922 622 974 685 tul
993 616 1034 686 τὸ
1054 622 1187 689 δεῖπνον
1203 622 1241 689 sd

157 726 287 796 ἐπιπιὼν
308 724 458 807 reseram,
480 728 515 785 ut
536 720 597 784 sit:
618 719 819 784 adhibens
840 718 890 785 ad
913 722 1155 787 convivium
1173 724 1194 791 i.
1212 742 1239 789 e.

157 846 271 897 mensa
292 824 365 890 sive
387 822 538 887 convivio
566 821 655 885 sinito
683 820 809 905 magnis
836 821 963 907 poculis
988 822 1096 888 semel
1124 828 1239 891 tantun

77 926 81 931 ’
155 929 271 995 bibens
292 922 437 989 abibat.
476 918 622 986 Ἀνέλυεν
644 921 729 985 enim
751 921 900 988 absolute
919 928 974 989 est
993 924 1129 1005 dicturo,
1146 926 1240 991 uti'iu

160 1028 288 1094 Aelieu.
312 1019 683 1109 vn.1list.IV‚23.‚
714 1020 766 1085 ubi
788 1021 983 1087 Perizonius
1010 1024 1110 1111 plura
1139 1026 1239 1093 attulit

157 1114 252 1213 liujus
279 1146 356 1191 usus
384 1125 544 1209 exempla.
587 1121 624 1187 C.
647 1122 707 1185 ΙΧ.
730 1118 821 1186 763.
844 1121 874 1187 d.
907 1142 968 1209 pro
995 1120 1088 1209 αὐτῷ
1119 1110 1238 1213 ὑπῆρχε,

157 1218 351 1293 Plutarchus
374 1226 516 1290 tortasse
539 1220 676 1307 ὑπῆρχεν
706 1220 796 1306 αὐτῷ
825 1223 976 1309 scripsit,
1018 1226 1069 1291 uti
1099 1226 1184 1293 idem
1211 1246 1236 1293 e.

155 1330 215 1395 XI.
239 1324 331 1391 764.
349 1325 378 1389 b.
403 1346 459 1409 pro
481 1328 558 1389 ἔνιοι
580 1320 826 1409 ἐσυκοφάντουν
847 1325 991 1391 fortusse
1012 1324 1156 1393 dederat
1173 1332 1237 1407 duv-

155 1426 343 1517 κοφάντουν
364 1429 452 1490 ἔνιοι.
498 1423 535 1490 C.
558 1424 635 1489 XII.
659 1422 750 1491 764.
770 1444 798 1489 e.
821 1425 854 1489 iu
876 1424 1004 1491 verbist
1025 1428 1237 1515 upusudppdd

157 1528 217 1594 οὐκ
239 1526 365 1606 εὐχαῖς,
399 1522 549 1590 ὃνοινὸν
571 1530 671 1603 ἐστιν,
701 1521 772 1589 οὐδ’
796 1528 956 1613 ἐπαίνοις,
997 1522 1087 1593 ἀλλά
1106 1524 1237 1615 despuet

155 1632 211 1694 καὶ
233 1628 417 1711 περιβολαῖς
441 1622 615 1701 ἀπλήστοις
638 1625 745 1689 hiatus
767 1625 886 1710 peterit
906 1626 1002 1711 ferri,
1042 1626 1120 1715 quia
1140 1646 1235 1715 pauet

156 1727 312 1815 quaedam
334 1734 410 1813 post
431 1727 647 1813 προεπέμφθη
668 1732 729 1791 est.
773 1724 811 1791 0.
834 1726 924 1793 XVI.
949 1724 1041 1795 766.
1061 1748 1091 1795 e.
1112 1730 1149 1797 in
1168 1746 1235 1799 ver-¹

157 1830 220 1893 bis:
243 1823 283 1890 οὐ
303 1824 365 1906 μὴν
386 1822 544 1910 ἐχρήσατό
566 1848 603 1905 χε
623 1827 669 1907 τῴ
689 1836 876 1913 γραμματεῖ
892 1824 1051 1895 ὃΚάτοιν
1066 1832 1137 1915 jem
1149 1830 1238 1899 Ilei!-

107 1968 110 1975 ,
156 1931 210 1995 llio
232 1928 387 1994 articulus
409 1923 427 1989 ὁ
451 1925 609 1990 delendus
631 1944 709 1992 esse
731 1928 912 2011 videbator,
934 1950 1093 2017 qucrnea
1113 1930 1235 2019 ipsade

155 2049 256 2095 carisa
278 2028 369 2092 uncis
392 2026 530 2090 inclusit.
574 2027 625 2090 Tu
648 2046 720 2092 euru
749 2029 864 2096 deleas
891 2026 996 2097 velimss
1039 2032 1080 2099 0.
1102 2032 1236 2099 xxvlt

157 2130 247 2196 77⁶2.
271 2150 299 2194 c.
322 2129 354 2193 in
378 2128 507 2193 verbis:
550 2125 625 2192 Καὶ
653 2130 823 2210 διέστησαν
850 2128 962 2207 αὐτοῖς
986 2138 1104 2199 ἐκεῖνοι
1131 2140 1167 2201 οἱ
1181 2130 1236 2211 τὰς

155 2228 331 2315 ἀναβάσεις
352 2234 541 2306 κατέχοντες
563 2224 688 2295 Ceraes
710 2238 825 2298 ἐκεῖνοι
852 2232 1022 2298 asteriscis
1047 2234 1183 2317 ineluslt
1207 2240 1237 2301 ut

157 2328 337 2409 delendum,
359 2330 558 2397 Sellaeierus
581 2336 646 2394 tum
669 2334 792 2397 mavult
815 2333 966 2411 deletum,
988 2332 1076 2421 quod
1089 2334 1236 2403 contiuuo

155 2433 300 2518 sequitur·
321 2437 354 2496 οἱ
374 2428 433 2506 τάς
454 2427 631 2516 ἀναβάσεις
652 2440 857 2512 κατέχοντες,
886 2432 1014 2499 addens
1034 2438 1167 2523 tamen,
1199 2452 1236 2501 e!

153 2551 279 2620 quoqne
303 2552 365 2597 uun
389 2531 574 2616 displicere.
619 2532 666 2597 At
688 2532 862 2620 displicent
882 2551 982 2621 saue,
1019 2552 1093 2599 cum
1113 2534 1238 2603 deseri·

153 2635 220 2719 ptio
244 2652 351 2697 eorum
373 2634 509 2719 prorsus
530 2633 636 2697 otiosa
658 2634 713 2712 sit,
734 2635 808 2719 quia
830 2635 939 2699 statim
960 2635 1165 2719 praecessit:
1184 2632 1237 2711 τὰς

153 2730 329 2817 ἀναβάσεις
349 2739 593 2818 φρουρουμένας
622 2728 682 2796 ὑπὸ
709 2729 914 2815 μονομάχοιυ.
955 2730 1118 2819 Equidem
1145 2736 1239 2823 igitur

154 2835 288 2916 conjicio
320 2832 546 2899 aPlutarcho
581 2834 746 2898 articulum
784 2838 817 2899 οἱ
855 2854 919 2899 nen
951 2832 1096 2901 additum
1128 2836 1237 2903 tuisse.
1280 2848 1282 2929 j

155 2935 236 2998 'lum
258 2934 343 2997 enim
366 2950 430 2995 nou
454 2940 519 2996 tam
541 2934 717 3018 explicatio
739 2934 790 2999 his
813 2935 925 3000 verbis
947 2934 1147 3017 continetur,
1167 2938 1236 3023 qui-
1280 2931 1282 2987 ἶ

152 3054 226 3098 nem
247 3033 293 3097 illi
315 3033 453 3109 luerint,
494 3054 588 3119 quam
611 3036 772 3115 narratio,
816 3054 876 3101 ees
896 3033 1000 3099 adhue
1022 3034 1133 3101 aditus
1154 3038 1238 3105 otti-
1280 3050 1282 3063 '

152 3137 275 3199 nuisse.
320 3132 357 3197 C.
379 3133 519 3198 XXXV.
545 3132 636 3200 776.
658 3135 689 3200 d.
712 3135 745 3199 iu
767 3136 895 3200 verbis:
922 3130 1144 3216 θαυμάζοντα
1163 3132 1237 3227 πρὸς

152 3236 198 3317 τη)
221 3234 382 3315 δημοτικῷ
404 3236 461 3299 καὶ
490 3234 568 3317 λιτῷ
596 3231 700 3298 αὐτοῦ
729 3238 786 3313 τῆς
814 3236 1015 3314 κατασκευῆς
1040 3232 1101 3315 τὴν
1126 3232 1235 3325 ἱστορο-

151 3337 237 3415 φίαν
259 3334 315 3396 καὶ
336 3330 505 3421 βαρύτητα
532 3334 592 3397 τοι]
621 3333 729 3412 ἤθους
756 3335 887 3401 dativus
916 3338 964 3429 τῷ
991 3336 1170 3423 δημοτικῷ·
1184 3338 1237 3405 ml

152 3435 228 3516 λιτῷ
252 3432 453 3498 Schaeserus
476 3433 517 3499 de
539 3454 597 3499 suo
619 3433 710 3500 dedit
732 3455 789 3520 pro
811 3435 899 3520 vulg.
922 3431 1160 3518 recuperantes
1182 3436 1236 3503 sut
1279 3488 1282 3495 .

147 3532 262 3620 -λιτὸν,
305 3532 389 3618 quod
411 3534 628 3600 revocandum
651 3554 728 3601 esse
747 3536 820 3621 ipse
843 3536 925 3601 vidit
946 3538 1089 3603 aderens
1110 3538 1238 3607 Reiskii

151 3636 422 3721 explicationem:
465 3632 544 3717 πρὸς
570 3632 609 3699 τὸ
630 3636 777 3702 indicare
796 3638 1078 3725 ¹comparutionem
1104 3636 1178 3705 curn
1202 3656 1237 3705 re

149 3736 258 3821 aliqua
280 3732 439 3819 opposita.
481 3731 519 3798 C.
540 3733 630 3799 XLI.
646 3734 736 3802 779.
748 3756 780 3803 a.
802 3737 835 3801 in
858 3737 987 3802 verbis:
1008 3742 1042 3802 ol
1061 3742 1135 3829 περὶ
1145 3738 1237 3821 Πομ-

149 3835 251 3914 πηϊον·
275 3831 413 3918 ὑφεῖσαν
441 3835 571 3916 ἐνέδραν
599 3837 644 3918 τῷ
666 3840 811 3919 Δομιτίῳ
839 3839 1073 3920 καταβαίνοντι
1101 3836 1239 3929 ὄρθριον

152 3936 311 4000 Reiskius
344 3935 497 4018 quaerit:
541 3934 628 4000 sitne
657 3933 797 4023 ὄρθριον
825 3936 1016 4003 adverbium
1050 3938 1239 4033 significuus

150 4034 274 4100 multo
296 4050 431 4119 ruane,
453 4052 495 4099 un
518 4029 647 4121 ὀρθρίφ
670 4036 859 4126 legendum,
886 4044 921 4104 ut
942 4037 1239 4126 εδιιαταβαίνοιτι
