2564 4508
524 140 832 205 --ao-

153 308 334 397 respondet
351 303 410 390 ὡς,
433 296 520 395 qood
540 305 710 395 participio
723 305 873 373 'absoluto
889 305 1117 393 praepositum,
1139 306 1244 375 verho

152 412 243 478 smito
264 411 297 475 in
318 408 455 496 apudosi
475 415 528 474 est
549 409 817 495 praeponendum.
862 407 935 473 Vid.
957 407 1063 473 Brem.
1093 404 1136 472 ud
1160 402 1196 473 h.
1217 406 1238 471 i.

153 510 235 593 Quis
256 511 354 596 igitur
374 509 470 576 saoile
491 511 621 591 credet,
665 509 921 576 Demosthenem
949 496 1153 594 hiperhaton
1175 508 1240 574 ad-

152 612 303 697 misisse,
333 614 380 677 ita
407 617 443 676 ut
469 611 586 678 foedus
611 612 705 677 simul
734 610 901 678 exstiterit
928 608 1057 676 hiatus?
1101 608 1241 676 Omnino

152 732 232 800 pars
251 712 308 779 iiia
328 710 528 797 Philippicae
550 719 701 800 quartae,
729 729 812 799 quae
834 729 877 776 ex
898 709 961 777 hau
982 717 1036 775 est
1062 710 1241 776 transscri-

153 820 210 900 pta
221 860 232 900 ‚
264 813 396 898 saepius
418 814 549 881 veriora
573 815 689 894 hahet,
715 832 809 900 quam
830 812 967 898 quaein
988 810 1112 879 hande
1134 806 1242 877 Cher·

154 934 276 981 soneso
298 912 410 980 hahita
430 915 576 981 oratione
595 915 756 999 leguntur.
796 913 849 978 lta
873 910 963 997 1⁰⁰,
984 909 1242 979 harracourt

154 1016 297 1101 scriptae
325 1015 396 1079 ἐστὲ
416 1011 479 1102 γὰρ
501 1013 591 1097 ὑμεῖς
611 1013 672 1080 οὐκ
693 1011 789 1080 αὐτοὶ
809 1014 1038 1090 πλεονεκτῆσαι
1058 1014 1115 1078 καὶ
1136 1035 1241 1079 κατα-

151 1125 246 1195 σχεῖν
266 1113 371 1200 ἀρχὴν
391 1102 427 1179 εἶν
447 1112 632 1202 πεφυκότες,
655 1112 730 1181 ἀλλ’
755 1115 863 1198 ἕτερον
884 1113 996 1196 λαβεῖν
1016 1114 1162 1178 κωλῦσαι
1182 1116 1242 1181 καὶ

152 1213 258 1294 ἔχοντ’
283 1213 472 1303 ἀφελέσθαι
491 1215 596 1281 δεινοί
602 1265 612 1296 ,
654 1218 710 1281 καὶ
731 1211 813 1290 ὅλος
832 1216 1005 1293 ἐνοχλῆσαι
1032 1224 1102 1291 τοῖς
1127 1213 1243 1297 ἄρχειν

154 1318 362 1400 βουλομένοις
381 1320 439 1383 καὶ
460 1313 584 1393 πάντας
610 1312 809 1409 ἀνθρώπους
834 1321 879 1391 εἰς
908 1317 1098 1403 ἐλεαθεριαν
1123 1313 1241 1403 timrid-

154 1417 243 1481 σθαι
263 1418 394 1497 ἕτοιμοι.
438 1419 485 1484 At
511 1419 544 1483 in
565 1417 650 1481 Phil.
667 1416 734 1497 tv,
758 1416 853 1504 135,
875 1416 936 1481 14.
961 1416 1015 1482 uhi
1037 1417 1118 1483 haee
1138 1437 1241 1504 repe-

156 1523 280 1607 tuntur,
320 1519 417 1583 δεινοὶ
439 1523 514 1604 post
534 1514 722 1604 ἀφελεσθαι
744 1523 797 1583 est
818 1517 989 1599 omissum,
1031 1516 1153 1585 deinde
1181 1526 1243 1605 pro

154 1615 344 1704 ἀφελέσθαι
361 1618 516 1704 scriptum
538 1615 707 1696 ἐξελέσθαι
735 1626 770 1683 et
797 1637 855 1704 pro
883 1619 1157 1700 ἕτοιμοι-δεινοί
1200 1620 1242 1687 ln

155 1717 267 1783 verbis
294 1725 404 1784 autom
430 1738 472 1785 ex
493 1716 651 1784 Cherson.
678 1738 778 1805 supra
798 1718 973 1804 adscriptis
998 1719 1133 1804 primum
1161 1738 1244 1788 ver·

156 1816 231 1882 hum
251 1815 456 1904 ἀφελέσθαι,
478 1819 564 1906 quod
584 1819 718 1886 diversa
739 1819 976 1904 significatione
997 1820 1048 1887 his
1070 1827 1125 1886 est
1146 1821 1243 1907 posi·

157 1924 239 2003 tum,
267 1919 399 1985 offendit
422 1938 527 2005 neque
547 1919 744 2007 dubitarem,
764 1921 841 2008 quin
861 1939 907 1987 ex
930 1920 1074 2007 piurimis
1094 1920 1188 1989 libris
1207 1923 1241 1989 in

156 2019 261 2086 altero
283 2021 354 2085 loeo
375 2018 595 2107 εξαφελέσθαι
616 2021 836 2106 praeferrem,
877 2022 943 2089 nisi
971 2021 1005 2089 in
1027 2022 1110 2088 Phil.
1140 2021 1239 2103 ῖξελῖ·

155 2120 245 2185 σθαι
268 2119 442 2206 iegeretur.
484 2120 613 2188 Deinde
633 2121 705 2187 loeo
727 2122 809 2188 hene
830 2124 1008 2190 convenire
1027 2121 1180 2205 videtur,
1210 2124 1241 2191 ei

156 2221 211 2286 uni
232 2220 280 2285 illi
301 2221 403 2287 verbo
424 2209 460 2287 εὖ
479 2219 656 2309 πεφυκότες
676 2241 772 2289 unum
794 2222 892 2290 etiam
913 2223 1011 2310 idque
1039 2225 1241 2310 aptissimum

156 2323 291 2388 verbum
313 2324 410 2388 δεινοὶ
432 2331 486 2389 est
508 2324 705 2409 oppositum,
732 2324 819 2410 quod
840 2331 957 2410 postea
977 2345 998 2392 a
1017 2324 1161 2393 librariis
1183 2346 1240 2414 per

156 2423 279 2505 ἕτοιμοι
301 2424 497 2509 exphcatum
518 2433 580 2490 est.
616 2424 745 2496 ,Videor
762 2426 864 2510 igitur
883 2426 960 2491 mihi
980 2426 1014 2493 iu
1029 2426 1170 2515 Philipp.
1183 2428 1242 2521 lid.

157 2542 242 2591 vera
262 2524 498 2591 Demosthenis
528 2525 632 2593 verba
658 2527 836 2613 reperisse.
879 2526 917 2592 ln
946 2526 987 2591 iis
1016 2534 1125 2593 autem
1156 2547 1239 2615 queo

156 2626 193 2714 ᾖ.
215 2623 279 2693 43.
300 2627 385 2693 haee
405 2626 592 2713 excipiunt,
622 2627 728 2712 legist
769 2628 895 2710 πρῶτον
926 2625 1044 2708 μὲνδὴ
1065 2624 1240 2701 διατοῡτὸ

156 2731 209 2793 dai
226 2725 351 2810 ἐχθρὸν
364 2724 922 2816 ὑπειληφέναι-ἐκεῖνον-δεύτερον
937 2724 965 2793 0⁹
984 2730 1101 2794 εἰδέναι
1116 2728 1241 2816 σαφῶς,

157 2829 209 2893 uhi
232 2825 311 2893 coo.
332 2828 378 2892 Σ.
400 2848 459 2914 pro
481 2826 520 2906 δὴ
541 2825 597 2894 διὰ
618 2829 751 2895 exhibet
770 2826 821 2908 dr,
843 2829 903 2894 sed
925 2829 957 2895 in
973 2829 1056 2895 Phii.
1069 2828 1132 2917 lv,
1153 2828 1240 2912 135,

161 2927 221 2992 15.
242 2926 376 3011 legiturt
397 2929 523 3013 πρῶτον
542 2930 600 3011 μὲν
621 2927 659 3006 δι’]
680 2931 777 2994 τοῦτο
799 2932 863 3010 δεῖ,
884 2926 1027 3017 ἐχθρὸν,
1049 2929 1102 2995 ubi
1124 2930 1242 2999 lteish

157 3028 251 3111 signo
273 3028 334 3093 coli
356 3036 432 3114 post
462 3031 515 3094 δεῖ
537 3031 737 3115 interpunxit
764 3031 862 3097 etad
893 3033 944 3096 δεῖ
968 3032 1100 3116 auppiet
1131 3042 1245 3113 ποιεῖν,

158 3130 256 3213 vulgo
277 3133 385 3195 tamea
412 3135 447 3194 et
473 3131 507 3193 in
529 3128 631 3195 Codd.
666 3132 771 3197 ΥΩυν
801 3138 837 3198 et
864 3156 913 3216 γρ.
947 3132 987 3196 Ε.
1018 3132 1066 3197 uti
1095 3133 1129 3199 in
1156 3133 1244 3203 Dav.

158 3250 255 3314 marg.
278 3238 312 3296 et
333 3229 419 3315 apud
435 3232 518 3314 Aug.
539 3231 692 3295 scribitur
712 3228 829 3297 τούτου
850 3228 1025 3317 δεῖχάριν·
1054 3231 1123 3298 Δια
1144 3232 1246 3303 τούτο

157 3337 270 3396 eontra
292 3330 412 3396 hahent
434 3330 525 3396 Harh
547 3330 622 3396 Par.
645 3330 738 3396 v111.
756 3333 841 3418 Aug.
864 3334 890 3398 1.
912 3339 947 3400 et
968 3330 1247 3403 θιατούτουΑΙιΙ.

157 3430 250 3516 'l'ayh
295 3431 438 3515 Coujiuio
461 3432 536 3497 inde
556 3432 712 3517 seriptum
732 3432 851 3500 inisse:
878 3435 1004 3518 πρῶτον
1024 3432 1143 3515 μὲνδὴ
1164 3432 1247 3503 rov'·

156 3556 215 3596 roo
235 3535 299 3608 dat,
323 3552 370 3598 ea
390 3550 431 3599 re
453 3553 553 3618 opus
575 3540 652 3598 est.
695 3531 797 3613 Quem
820 3530 1007 3600 Ge'nitivnm
1028 3534 1084 3599 alii
1106 3554 1169 3620 per
1190 3532 1249 3603 διὰ

156 3635 253 3696 τοῦτο
275 3634 330 3697 aiii
352 3652 412 3718 per
432 3631 550 3697 τούτου
569 3631 667 3716 χάριν
689 3635 906 3720 explicabunt,
929 3635 984 3701 alii
1007 3636 1053 3701 uti
1065 3635 1113 3699 Σ.
1129 3642 1250 3705 noum

160 3736 192 3799 iu
215 3737 285 3799 iouo
307 3736 405 3799 τοῦτο
426 3734 529 3800 solum
549 3734 744 3800 scrihehunt.
790 3773 823 3784 -
871 3735 964 3818 Quod
986 3737 1016 3801 si
1040 3737 1250 3822 probaveris,

158 3839 231 3918 post
253 3833 305 3895 δεῖ
321 3833 546 3920 interpunges,
570 3855 631 3920 quo
653 3836 771 3902 melius
793 3842 857 3902 tum
879 3837 1021 3923 legatur:
1044 3833 1197 3921 δεύτερον
1216 3834 1253 3905 dd

162 3929 302 4023 (τούτου
317 3928 389 4022 δεῖ)
411 3964 444 3980 -
461 3937 578 3999 εἰδέναι
592 3938 715 4023 σαφῶς.
757 3936 855 4005 Adde
877 3938 929 4004 his
949 3938 1052 4004 verba
1079 3934 1170 4017 1⁰8,
1187 3936 1253 4007 57·

162 4035 232 4119 περὶ
252 4031 372 4099 τούτου
393 4031 413 4114 ἦ
433 4036 623 4102 διαδικασια
644 4034 728 4118 αὕτη
748 4043 845 4119 ἐστίν,
867 4039 921 4106 uhi
937 4039 1035 4125 vulgo
1057 4044 1092 4107 ut
1114 4039 1149 4107 in
1163 4034 1260 4111 codd
