2564 4508
477 108 747 231 ,αις

102 336 135 383 er
149 336 201 406 qun
217 318 297 387 ioue
318 321 527 404 fragmentum
548 321 776 406 transscripsit
795 319 930 387 Suidas.
992 319 1153 388 Similiter

99 419 227 488 bntbtius
247 423 281 488 in
302 421 381 504 Maji
402 420 485 487 Eae.
508 422 583 488 Vat.
614 421 655 489 ad
678 421 801 488 verbu:
844 417 942 501 (Ὅτι
957 423 1153 509 Τιβέριος-

99 517 162 607 δόλῳ
179 523 649 607 ἐνεδρευθεὶς-κατέστρεψεν)
674 529 767 588 recte
788 522 985 608 adscripsit:
1007 522 1154 610 „Verba,
1200 542 1206 547 ·

97 626 164 712 qnae
177 626 267 691 oncis
286 625 491 702 inclusimus,
513 624 734 710 epitumaturis
755 631 860 689 sunt.“
901 621 992 705 Quae
1014 643 1085 690 eum
1106 625 1153 689 ita
1218 697 1224 711 „

95 727 272 793 sirtmeeum
293 726 407 806 facies,
429 727 483 812 qui
505 725 566 791 boo
587 728 620 790 in
641 725 722 790 libro
743 725 899 812 pleraque
920 728 1002 802 vitia
1023 729 1155 811 ecloga·
1248 748 1251 753 ’

93 828 129 895 rio
145 828 309 894 biburenda
329 847 408 894 esse
430 827 621 893 censuerim.

157 931 225 997 Lib.
241 930 302 1009 lx,
324 935 350 1017 Ι,
373 927 410 996 3.
433 917 656 1011 corrigendum
672 933 727 993 est
752 950 789 1009 γε
810 924 853 993 nli
875 932 919 1016 ΙΙ,
940 925 974 993 λ.
989 923 1033 993 τὰ
1049 924 1153 994 αλλό-
1191 916 1195 927 ’

94 1052 157 1113 τρια.
176 1030 241 1111 ΙΙΙ,
265 1030 300 1096 1.
322 1051 381 1118 pro
402 1028 460 1095 τὸν
478 1027 614 1114 χάρακα
634 1030 693 1093 τοῦ
711 1020 849 1094 ’Λακίου
870 1028 978 1094 scribe
999 1026 1058 1093 τὸν
1076 1027 1153 1113 χεὶρ.

92 1128 134 1194 τὸν
148 1128 288 1196 Ἀνικίου.
307 1131 346 1198 4.
376 1133 504 1198 verbat
530 1196 533 1202 ,
545 1130 624 1211 μήτε
651 1130 867 1195 ἐκκαλεῖσθαι
896 1149 938 1195 ex
967 1131 1155 1213 conjectura
1220 1209 1222 1214 Ι

93 1230 198 1296 Reiskii
220 1235 304 1298 satis
323 1232 481 1318 probabili
502 1237 579 1296 sunt
598 1231 730 1315 addita,
763 1231 857 1297 modo
879 1231 1040 1296 scribatur
1060 1227 1153 1312 μήτ’.

93 1327 119 1396 8.
135 1335 256 1418 corrige
276 1357 320 1412 τε,
343 1331 560 1408 ἀδιαλείπτως.
584 1328 631 1396 9.ς
643 1332 677 1396 in
698 1331 830 1398 verbis:
850 1334 954 1396 Δοκεῖ
968 1332 1003 1396 δὲ
1022 1355 1080 1412 μοι
1100 1336 1153 1396 αλ-

92 1452 145 1498 τινν
161 1438 256 1500 τοῦτο
277 1447 461 1517 γεγονέναι,
491 1433 622 1500 videtur
642 1429 671 1496 τΙ
696 1437 802 1498 αἴτιον
823 1433 920 1496 τοῦτο
941 1432 962 1496 i.
983 1450 1014 1496 e.
1036 1430 1075 1497 τὸ
1095 1438 1153 1498 ut-

93 1555 146 1599 τινν
167 1539 264 1602 τοῦτο
292 1537 447 1620 scriptum
472 1535 584 1600 fuisse.
614 1532 676 1599 ΙΙ.
710 1534 744 1600 in
765 1534 1000 1618 συμβαίνοντα
1024 1532 1155 1608 εἰκότως

86 1636 265 1722 apostrophe
286 1643 390 1702 utere.
412 1637 476 1712 lv,
498 1635 536 1701 a.
557 1641 649 1700 reete
669 1634 781 1719 legere
803 1635 927 1721 poteris
947 1629 1078 1712 ἡττᾶτο.
1109 1635 1153 1699 ut

91 1735 128 1819 V,
144 1735 177 1802 4.
203 1737 246 1803 tle
267 1735 311 1802 τὰ
332 1734 394 1802 ὅλα
411 1737 522 1821 judica
544 1737 590 1802 nti
611 1755 729 1821 supra,
752 1732 788 1803 6.
817 1755 860 1802 ne
888 1734 1015 1802 attende
1041 1734 1075 1800 in
1102 1736 1156 1800 ti·
1242 1758 1245 1761 ·

90 1835 158 1900 aba.
176 1834 340 1921 Ἀννίβας,
384 1857 471 1905 neve
492 1839 556 1916 vl,
578 1836 615 1902 2.
635 1837 670 1902 in
690 1833 734 1919 μὴ
756 1834 803 1903 οὐ.
825 1836 876 1915 Χ,
899 1834 936 1903 3.
959 1839 1027 1921 jem
1049 1836 1153 1903 Reis-
1211 1876 1213 1881 ·

89 1932 147 2000 laius
162 1944 195 2004 et
216 1937 404 2022 Schweigb.
427 1959 539 2005 verum
561 1939 713 2006 viderunt
733 1939 767 2004 in
786 1939 915 2005 verbis:
957 1935 1092 2020 Πότερα
1113 1933 1153 2015 δὴ

91 2021 135 2098 uia
152 2057 204 2122 pro
218 2036 257 2116 δὴ
269 2040 304 2104 δὲ
325 2035 387 2130 (au
400 2042 508 2126 potius
520 2035 575 2130 ὅ)
599 2058 677 2106 esse
688 2039 904 2105 scribendum.
926 2038 1026 2106 Plura
1040 2044 1151 2105 autem

90 2151 106 2196 o
121 2137 191 2202 viris
206 2139 312 2206 doctis
325 2149 402 2207 sont
416 2142 582 2227 disputata
596 2147 631 2207 et
646 2147 768 2207 mutata
782 2140 818 2206 7.
833 2142 866 2207 in
886 2141 1015 2208 verbis:
1033 2137 1067 2207 Ὁ
1087 2138 1155 2225 γὰρ

91 2230 403 2329 θῦτνςλὲὁρμνλμενος,
422 2241 572 2308 οὐδέποτε
583 2232 840 2326 numerositate
852 2236 1028 2325 τάλλότρια
1039 2263 1157 2318 κεκτη·

89 2341 199 2428 μένους,
241 2339 291 2417 οἷς
316 2345 461 2429 φθονεῖ·
503 2340 575 2426 ἅμα
595 2348 656 2409 καί
672 2366 721 2418 τις
741 2345 828 2418 ἔλεος
849 2341 956 2407 αὐτῶν
985 2340 1154 2429 ὑποτρέχει

88 2436 186 2520 tovi}
210 2440 312 2530 ἀρχῆς
339 2441 583 2530 ἀποβαλόντων.
625 2442 812 2528 Schweigh.
841 2442 926 2509 haec
958 2442 1155 2528 adscripsi&

89 2536 295 2617 ,astumatum
316 2545 349 2610 in
370 2549 496 2632 signum
517 2546 669 2612 desectus
690 2552 748 2610 aut
769 2544 974 2630 corruptelae
1001 2542 1156 2629 adposuit

89 2631 288 2711 casaubonus
352 2647 435 2713 Tum
462 2656 544 2714 vero
572 2646 730 2714 Reiskius
757 2643 801 2711 ad
829 2645 860 2709 b.
889 2645 912 2710 Ι.
938 2644 988 2709 εἰν
1014 2641 1155 2708 monuita

89 2734 171 2810 Forte
182 2745 347 2830 θεώμενος
359 2749 530 2832 legendum
552 2755 616 2828 est,
632 2753 667 2814 et
688 2745 846 2814 delendus
859 2745 1057 2814 asteriscusr
1078 2762 1155 2808 nam

90 2840 133 2921 qui
149 2845 193 2911 aie
213 2856 344 2934 spectat
366 2851 454 2930 (soil.
476 2855 570 2933 signa
592 2851 722 2916 deorum
744 2849 866 2915 affabre
887 2847 989 2932 saeta,
1009 2845 1062 2910 his
1081 2864 1154 2911 mo-

64 2937 130 3004 ·dis
145 2955 251 3038 parta,
279 2957 314 3014 et
336 2953 455 3037 tempta
477 2952 607 3017 deornm
629 2957 663 3016 et
686 2947 854 3033 basilicas»,
882 2954 981 3033 atque
1003 2946 1089 3028 fora,
1120 2949 1156 3012 et

89 3042 196 3123 potira
216 3060 314 3137 atque
335 3054 466 3137 privata
487 3052 636 3119 aedificia
664 3052 707 3118 ad
735 3051 820 3116 hune
847 3048 998 3135 modum,
1039 3048 1157 3134 spoliis

90 3151 308 3234 peragentium
336 3152 536 3218 devictarum
564 3157 740 3232 exornata)
768 3152 823 3218 ille
850 3169 1011 3236 nunquam
1038 3144 1155 3215 beatos

89 3249 237 3320 praedicat
259 3271 334 3329 eos,
367 3254 480 3338 quibus
502 3273 572 3318 enm
593 3254 737 3339 invidet,
769 3261 835 3319 tum
861 3269 1073 3338 unaquoque
1096 3271 1156 3317 su-

89 3335 126 3404 bit
143 3366 207 3416 anm
229 3371 300 3417 cum
322 3353 505 3419 invidentia
525 3350 687 3419 adversus
702 3360 874 3440 rapturae,
917 3350 1155 3417 commiseratio

90 3454 153 3527 erga
171 3453 339 3538 spoliatos.
380 3455 531 3540 Apparet
553 3473 596 3520 ex
617 3455 680 3520 hae
708 3453 994 3540 interpretatione,
1023 3452 1072 3517 sio
1101 3449 1157 3517 di-

90 3542 296 3634 stinguendum
317 3563 351 3620 et
371 3556 543 3642 legendum
561 3576 657 3622 esse:
701 3553 751 3631 οἷς
771 3551 1006 3642 urinantium,
1028 3555 1090 3618 καί
1106 3575 1156 3625 τις

88 3642 157 3725 ime
186 3652 287 3719 αὐτὸν
320 3661 406 3736 (non
436 3655 568 3737 αὐτῶν)
601 3655 777 3743 ὑκονρέχει.
821 3651 982 3743 Omnino,
1024 3649 1156 3744 (pergit

90 3737 282 3846 submergi.)
304 3765 360 3820 aut
382 3753 399 3821 ὁ
422 3756 586 3840 θεώμενος
607 3757 778 3840 legendam
800 3755 953 3843 videtur,
975 3757 1061 3820 sicut
1081 3751 1158 3828 τοὺς

88 3838 252 3953 itomanam
274 3857 429 3922 habemus
451 3877 550 3924 versu
573 3856 609 3923 9.
633 3863 689 3923 aut
710 3852 729 3922 ὁ
752 3854 931 3944 ὁρώμενος,
975 3861 1010 3931 ot
1030 3853 1156 3918 Home·

90 3958 144 4012 Νῦν
162 3973 246 4021 more
269 3959 368 4022 verbo
390 3959 497 4023 medio
521 3978 578 4044 pro
601 3958 711 4024 activo
733 3977 812 4021 usus
834 3958 890 4040 sit,
911 3962 967 4021 aut
989 3950 1072 4037 ὁρῶν
1089 3954 1159 4036 μὲν,

91 4056 281 4132 sequentibus
303 4057 445 4126 sortasse
466 4059 542 4127 aliis
561 4059 721 4126 nonnuliis
743 4058 854 4127 verbis
874 4074 959 4142 quae
980 4053 1158 4121 intercide-
