2580 4514
503 108 789 245 x--aos-

109 352 143 415 et
164 349 230 429 lV,
253 341 288 424 3,
312 341 346 407 3.
390 341 550 430 Equidem
569 345 676 431 potius
699 342 899 432 putaverim,
925 344 973 411 oti
993 344 1030 411 in
1049 342 1226 435 ouie,'ilo''

107 451 205 515 etiam
226 447 259 511 in
281 443 454 526 ἀξιόχρεως
475 445 573 511 talem
595 446 784 511 nominativi
806 445 940 511 formam
956 446 990 511 in
1008 466 1071 515 osu
1092 446 1196 515 Mn

106 550 161 614 De
187 550 251 624 σῶς
272 566 303 612 ν.
326 545 443 610 llatth.
467 543 526 611 Gr.
548 567 597 630 gr.
616 551 649 622 §-
677 543 766 610 tat.
811 544 882 626 Quo
904 547 1038 633 saepius
1059 546 1196 617 enimn

107 651 243 736 Polybio
266 648 359 729 liujus
380 646 536 729 adJectiri
559 648 786 713 nominativum
808 647 966 733 pluralem
988 648 1120 725 vocalia
1138 668 1196 715 ex·

108 751 185 836 cipit
207 749 308 813 etita
330 747 490 812 vocalium
514 749 684 812 concursio
707 748 825 834 oritur,
848 767 944 834 quam
966 747 1112 837 alioquin
1133 750 1196 827 Ρο-

107 851 214 936 lyltius
236 849 412 933 diligenter
433 849 556 924 evitat,
578 842 617 912 en
640 847 848 913 rerisimilius
870 856 934 929 est,
955 847 1041 915 huno
1061 850 1196 937 scripto·

106 971 176 1017 rem
202 949 400 1032 singularem
429 944 530 1013 istam
556 969 735 1033 usurpasse
764 949 907 1014 sormam.
949 947 1117 1037 Exempla
1135 950 1196 1019 alin

106 1049 185 1116 vide
206 1050 302 1131 paulo
325 1049 418 1114 inira.
472 1051 552 1134 Cap.
573 1053 736 1135 XXXIX,
763 1047 822 1113 12.
849 1050 976 1135 corrige
1002 1046 1072 1115 δύο·
1092 1056 1194 1117 tumn

51 1200 54 1204 -
104 1149 182 1227 τοὺς
203 1169 229 1215 c.
251 1154 361 1226 XLII,
391 1151 421 1213 l.
450 1169 510 1234 pro
534 1147 576 1213 τὰ
597 1153 715 1226 ἐκείνης
743 1169 806 1215 scr.
834 1147 983 1229 τάκείνης
1011 1157 1049 1215 et
1075 1148 1112 1217 2.
1140 1170 1193 1241 pro

104 1242 126 1334 ᾗ
147 1256 250 1327 ἐκείνη
278 1250 320 1315 da
342 1240 363 1333 ᾖ
384 1252 480 1327 κείνη.
511 1249 567 1312 10.
590 1246 655 1313 ἀνὰ
677 1241 915 1329 νηλοέκάοτην
946 1257 1036 1319 muta
1067 1252 1101 1319 in
1131 1248 1194 1319 ἄν’.

104 1353 153 1417 At
173 1355 302 1429 XLlll‚
328 1350 359 1416 1.
381 1353 413 1416 in
436 1351 564 1416 verbis:
586 1348 844 1427 συλλαλήσαντες
865 1348 960 1416 αὐτοὶ
981 1356 1125 1441 ἑαιποῖς,
1143 1354 1194 1423 vi·

105 1453 200 1518 eletor
221 1449 316 1537 αὐτοὶ
346 1452 519 1517 delendum
551 1469 653 1527 esse,
699 1457 755 1516 aut
791 1453 838 1516 ita
869 1451 1122 1536 explicandum,
1162 1458 1194 1521 nl

103 1550 198 1618 αὐτοὶ
221 1556 350 1628 ἑαυτοῖς
372 1572 465 1617 οοοηι
487 1552 580 1638 qrtasi
603 1551 724 1616 saciant
745 1551 1014 1637 enunciationem,
1037 1559 1073 1619 ut
1092 1554 1192 1641 signi·

105 1653 236 1718 ficetur:
259 1654 336 1738 ipsi
356 1654 469 1718 inter
491 1673 554 1734 se,
578 1654 652 1719 sire
674 1650 796 1716 solum:
818 1652 925 1717 inter
946 1672 1000 1719 se.
1043 1652 1143 1731 lln4.
1162 1656 1194 1723 i!

104 1752 234 1818 verbist
256 1751 313 1818 τὸν
335 1752 406 1818 υἱὸν
427 1756 487 1818 τοῦ
505 1753 656 1838 Ἀννίβου
678 1772 748 1817 cum
770 1753 798 1816 F
799 1753 859 1818 lor.
883 1772 946 1819 eor.
966 1749 1026 1819 τὸν
1047 1752 1121 1821 υἱὸν
1139 1750 1194 1821 τὸν

100 1850 188 1918 Ἁνν.
209 1856 334 1932 ΧΙΝΙ,
357 1853 392 1918 3.
416 1873 458 1919 ne
480 1853 607 1919 offendo
630 1854 662 1918 in
684 1855 740 1917 καὶ
762 1859 872 1918 εἴκοσι.
894 1857 933 1933 Iu,
955 1851 990 1920 2.
1011 1854 1193 1941 corrigorll

103 1960 154 2034 to,
177 1954 263 2018 Flor.
286 1954 371 2020 male
393 1955 513 2020 verba:
536 1950 595 2028 τὰς
617 1955 651 2018 ot
672 1961 705 2018 ἐν
727 1950 816 2036 αὐτῷ
838 1956 884 2038 τῷ
907 1953 1048 2038 στόματι
1069 1956 1194 2023 omittit.

104 2055 181 2119 Non
204 2054 350 2120 otientles
383 2053 417 2122 3.
445 2055 478 2120 in
506 2051 756 2140 ονγκρούονοαι.
787 2049 889 2136 ὅμως,
919 2074 1028 2143 neque
1053 2060 1132 2145 Lll,
1157 2052 1193 2125 8.

100 2156 135 2221 in
157 2158 213 2220 καὶ
235 2152 422 2236 ἀλογίστως.
447 2153 480 2219 6.
503 2156 536 2220 δὲ
555 2151 688 2230 Ἰούνιος
710 2156 835 2240 corrige
858 2163 893 2249 et
914 2157 954 2222 el.
976 2160 1075 2235 htv,
1098 2148 1134 2225 'a
1158 2152 1188 2223 δ’

99 2251 241 2331 Ἰούνιος.
287 2256 529 2341 Apostrophum
551 2256 649 2321 etiam
678 2274 764 2340 pone
793 2261 885 2346 Llll,
913 2257 952 2321 4.
981 2257 1016 2324 in
1042 2258 1080 2325 ot
1106 2254 1191 2325 ouu-

101 2356 247 2430 σπώντος
269 2361 304 2420 et
330 2355 388 2418 10.
411 2357 444 2420 in
466 2358 500 2420 δὲ
521 2360 605 2434 ἕχον.
628 2360 723 2440 LlV,
746 2355 780 2420 ὅ.
802 2357 837 2421 in
858 2358 893 2422 δὲ
913 2354 1029 2443 ἄκραν.
1052 2362 1136 2449 ΙΝ,
1156 2354 1190 2429 Β.

100 2456 135 2521 in
158 2456 196 2520 οῗ
210 2479 245 2520 τε
267 2461 310 2534 ἐν,
332 2475 394 2541 quo
417 2463 526 2523 tamen
547 2458 618 2522 loco
642 2477 755 2522 omnes
777 2461 811 2522 ot
831 2458 865 2524 oe
885 2463 920 2524 ἐν
940 2450 1191 2551 tuentnrgqrm'rl

100 2555 216 2622 Reisk.
239 2562 274 2621 et
295 2555 485 2642 Schweigh.
507 2558 540 2622 in
563 2558 650 2622 οἵτε
678 2563 712 2622 ἐν
739 2565 970 2638 correxerunt,
1012 2558 1090 2645 quia
1105 2558 1191 2647 'ipo

99 2655 239 2722 seorsim
262 2655 426 2737 declaret,
448 2659 575 2746 quinum
596 2658 663 2723 sint
683 2658 730 2722 illi
752 2655 884 2739 nautae,
914 2657 999 2744 ‹puorl
1020 2656 1190 2727 motlo'rli-

99 2757 233 2842 xisset,
276 2758 361 2824 esse'
383 2761 453 2824 scil.
482 2761 521 2823 οἴ
535 2782 569 2823 τε
591 2764 624 2824 ἐν
646 2759 685 2841 τῇ
709 2754 809 2841 Ρώμῃ
829 2760 886 2823 καὶ
907 2755 951 2824 τὰ
971 2761 1043 2846 περὶ
1062 2756 1104 2833 ,τὸ
1121 2760 1190 2829 ’Λο-

99 2852 169 2939 tufi.
199 2879 309 2939 οτροτ.
351 2859 426 2926 lloe
448 2860 495 2926 ita
516 2858 598 2946 dici,
625 2859 754 2944 planius
777 2858 874 2925 etiam
895 2858 1035 2945 intelligi
1056 2860 1190 2929 muote-

99 2954 147 3021 dit
167 2955 357 3041 Schweigh.
378 2979 421 3025 ex
443 2961 500 3040 iis,
544 2979 629 3046 quae
650 2966 828 3046 sequuntur
850 2961 961 3043 οἱμὲν
980 2956 1197 3053 (suriani

95 3050 222 3144 Ῥώμῃ)
244 3055 440 3142 ἐχορήγοννε
470 3065 504 3125 οἱ
524 3061 576 3148 δὲ,
605 3060 677 3125 scil.
699 3060 743 3123 illi
764 3059 797 3124 in
819 3061 949 3126 castris.
989 3058 1036 3127 nt
1056 3060 1117 3129 cnr
1136 3060 1189 3129 llio

97 3148 330 3223 discernantur
348 3160 490 3225 Romani
511 3159 637 3226 Romae
659 3165 784 3226 versati
805 3167 840 3226 et
861 3160 1000 3227 Romani
1021 3159 1113 3231 circo
1128 3160 1188 3237 ,ut

96 3257 246 3344 lybaeum
269 3279 334 3324 non
356 3261 511 3344 intelligo.
555 3260 642 3327 Nam
664 3259 725 3325 hoo
746 3281 807 3347 per
828 3281 867 3327 se
888 3266 1045 3350 apparet,
1065 3260 1188 3335 Romo·

95 3379 158 3424 nos
181 3380 293 3426 omnes
316 3361 533 3427 calamitatem
555 3362 651 3425 istum
672 3380 774 3446 aegre
798 3361 925 3428 tulisse.
957 3360 1060 3428 Multo
1081 3364 1188 3451 aptio!

96 3461 194 3544 vulgo
217 3465 249 3526 ot
271 3461 305 3526 δὲ
328 3458 443 3551 (morlo
465 3459 495 3525 δ’
521 3456 705 3550 scribatur)
727 3462 856 3546 legitur,
878 3468 912 3527 ut
933 3450 1187 3531 sententia-uite

96 3557 220 3625 tlmnes
242 3568 277 3627 et
301 3562 584 3646 Carthaginenses
606 3567 641 3629 et
662 3563 802 3627 Romani
829 3563 863 3628 in
891 3562 1079 3629 universum
1105 3582 1187 3651 qne-

94 3661 259 3727 rebantur.
309 3663 450 3729 Romani
480 3666 565 3729 enim
595 3663 676 3728 mari
704 3667 739 3728 et
768 3661 880 3729 Poena
908 3662 1188 3733 murocinetum

96 3768 192 3849 erant
219 3763 341 3848 coacti,
370 3783 560 3848 quamquam
582 3762 686 3828 Poeni
708 3761 749 3827 de
773 3769 861 3829 terra
882 3782 945 3828 non
968 3764 1187 3850 prorsus-‹tu-

94 3862 283 3946 sperabant.
328 3861 397 3928 Sed
420 3864 450 3927 si
473 3869 573 3928 totum
595 3862 800 3948 spectabant,
823 3883 936 3930 omnes
957 3866 1185 3955 querebantw,

92 3961 140 4024 illi
163 3971 271 4027 tumen
293 3957 476 4052 (Romani)
506 3969 541 4028 et
565 3963 598 4027 in
628 3963 706 4029 urbe
729 3964 877 4030 Romana
906 3971 940 4031 et
968 3964 1118 4051 legiones
1135 3964 1185 4035 'orl

95 4060 286 4147 Lilybaeum
308 4073 442 4150 propter
469 4081 524 4131 res
552 4063 635 4130 male
661 4069 777 4150 gestus
803 4084 867 4133 non
895 4083 915 4132 a
942 4065 1081 4137 consilio
1108 4086 1185 4137 ono·
