2580 4514
567 162 836 227 -3ςς..

155 332 279 399 ἀνελεῖν
299 335 345 415 τῷ
363 330 496 417 λαβόντι
511 331 637 396 ἔδωκεν.
683 332 794 397 Antea
807 328 977 413 legebatur
991 330 1140 405 δέδωκεν,
1163 332 1238 420 qnod

155 435 259 500 minus
281 433 496 519 probaverim,
518 450 587 497 eum
610 438 766 518 sequatur
786 429 878 509 ἔταξε
899 437 934 496 et
956 432 1056 497 etiam
1077 432 1238 499 cxxrv.

61 576 64 583 ·
155 538 269 601 ἔδωκεν
291 534 444 619 scriptum
466 533 528 619 sit,
549 532 608 598 sed
631 551 660 598 e.
684 530 722 598 G.
744 533 791 614 τῷ
813 528 948 616 λαβόντι
969 532 1164 599 deleverim.
1206 530 1246 601 (λ-

155 635 297 700 xxvii.
319 631 383 698 93.
405 652 435 697 e.
458 634 492 697 in
514 633 648 698 verbist
676 630 737 709 ἤδη
757 633 815 713 μὲν
835 629 1014 709 ἀλλόκοτος
1033 630 1145 697 ἐδόκει
1163 632 1238 701 εἶναι

155 737 201 818 τῴ
222 732 361 815 Κροίσῳ
383 736 439 797 καὶ
461 732 615 817 ἄγροικος
636 733 778 798 fortasse
799 730 882 796 εἶναι
905 739 978 817 post
998 730 1158 819 ἄγροικος
1178 734 1240 801 eol·

155 836 294 901 locatum
310 834 387 921 fruit,
409 853 470 917 quo
485 834 587 897 oratio
603 832 699 917 panio
721 832 911 897 concinnior
931 832 977 899 tit
1021 829 1118 913 Quae
1139 840 1248 901 auten¹

157 954 186 998 c.
200 930 368 1011 XXVlll,
393 930 456 997 94.
480 952 506 996 e.
530 938 565 997 et
587 930 650 995 94.
674 932 704 996 d.
726 942 794 1005 τοῖς
814 931 982 1014 βασιλεῦσι
1003 932 1058 997 δεῖ
1074 928 1240 1011 odedum

157 1032 176 1109 ἢ
192 1030 234 1107 ὡς
248 1029 363 1111 ἥδιστα
380 1028 500 1113 ὁμιλεῖν
526 1036 560 1113 et
574 1036 612 1096 αἱ
623 1032 803 1115 μεταβολαὶ
819 1032 856 1097 δέ
863 1055 920 1113 μοι
932 1030 1240 1111 uiroc—tricorum

158 1133 261 1199 verba
282 1141 359 1197 sunt
380 1133 484 1199 altero
506 1132 540 1197 in
562 1132 632 1196 ioco
656 1133 797 1216 Aesopi,
818 1133 923 1199 citero
944 1133 977 1198 iu
999 1134 1073 1201 loco
1095 1132 1221 1201 Croesi.

121 1240 124 1245 '
226 1234 277 1321 ¹io
305 1234 556 1319 Poplicolae
585 1233 642 1297 vit.
670 1232 696 1296 1.
719 1231 782 1298 97.
809 1251 839 1297 e.
872 1234 905 1298 in
934 1234 1070 1299 verbisr
1094 1236 1239 1315 ,λλαλζωτ

155 1334 237 1416 μετά
266 1338 323 1400 τοῦ
346 1332 498 1419 Βρούτου
527 1331 772 1414 αἱρεθήσεσθαι
800 1335 832 1398 in
862 1335 955 1399 som.
983 1344 1019 1401 et
1045 1336 1089 1401 ab
1110 1332 1256 1403 Sintes

156 1436 275 1501 editum
297 1442 350 1501 est
372 1435 492 1500 rectius
513 1431 595 1515 μετὰ
611 1430 669 1498 τὸν
690 1434 863 1519 Βροῦτον,
890 1436 973 1521 quod
999 1434 1164 1501 Reiskius'
1180 1456 1237 1501 ex·

155 1535 285 1620 plicuit:
305 1534 480 1599 secundum
503 1534 655 1612 Brutum,
679 1536 729 1599 coi
751 1542 874 1621 primae
896 1542 1009 1621 partes
1029 1536 1237 1603 debebantur.

156 1632 267 1700 Ceteri
289 1636 434 1699 editores
463 1654 491 1698 c.
514 1633 591 1698 did.
621 1636 799 1718 genitivum
827 1642 966 1701 tuentur.
1007 1636 1046 1703 0.
1069 1636 1130 1703 ΧΙ.
1157 1636 1238 1704 1113.

155 1752 185 1799 ιε
206 1722 245 1811 ἦν
266 1736 300 1798 dd
321 1733 396 1816 τιμὴ
416 1736 473 1816 μὲν
493 1736 671 1818 προβατίου
694 1734 805 1819 ὀβολοὶ
827 1737 916 1816 δέκα,
936 1739 1015 1821 βοῦς
1035 1738 1071 1803 dd
1091 1728 1252 1829 (send)¹¹
1282 1736 1284 1817 ζ

153 1831 280 1899 ἑκατόν.
312 1853 382 1899 cum
416 1834 596 1900 Schaesero
631 1834 821 1921 προβάτου,
865 1840 949 1924 quod
977 1837 1109 1905 Sinten.
1145 1840 1239 1919 etism
1282 1872 1284 1877 ·

153 1955 173 2000 e
202 1933 239 2000 C.
267 1954 385 2001 revera
414 1935 555 2019 recepit,
583 1936 676 2001 molo.
743 1938 808 2003 t'or
836 1941 938 2019 enim,
965 1942 1070 2025 inquit
1096 1938 1238 2017 scum„

153 2038 298 2105 dicamus
319 2038 526 2103 Plutarchum
548 2058 638 2102 usum
662 2057 740 2102 esse
761 2041 809 2121 τῷ
831 2034 1093 2127 cronopio-rrum?
1111 2040 1238 2109 Deinde

152 2142 209 2221 pto
241 2148 315 2225 post
348 2136 514 2224 προβάτου
548 2140 821 2224 transponendum
857 2162 935 2209 esse
970 2150 1005 2207 ut
1041 2142 1238 2229 respondeat

153 2260 243 2328 sequ.
265 2239 343 2324 βοός
365 2243 399 2305 δὲ
415 2242 649 2323 judicaveram,
670 2242 761 2326 parius
782 2262 877 2327 quam
898 2243 964 2308 vidi
986 2244 1200 2311 Sintenisium
1219 2258 1237 2307 e

154 2343 226 2409 cod.
249 2343 291 2406 Α.
321 2351 356 2407 et
378 2339 415 2408 C.
446 2343 493 2406 ita
521 2340 677 2407 edidisse.
722 2341 804 2426 Cap.
825 2343 900 2408 XV.
925 2343 1014 2409 105.
1043 2364 1076 2411 a.
1103 2344 1140 2409 in
1166 2330 1240 2411 ver·

155 2444 228 2508 bis:
271 2440 389 2508 τούτου
410 2444 444 2507 δὲ
465 2442 524 2506 τοῦ
546 2437 633 2505 καθ’
657 2438 741 2522 ἡμᾶς
761 2441 820 2508 τὸν
839 2452 992 2526 μέγιστον
1019 2443 1062 2511 ἀν
1082 2450 1118 2511 dr
1135 2441 1239 2529 Ἧόμς

152 2546 216 2611 τοῖν
239 2545 406 2609 ἰδιωτικῶν
427 2544 567 2611 σλοὺτον
588 2543 825 2621 ἐκλογισθέντα
845 2542 884 2609 τὸ
906 2547 962 2624 τῆς
978 2542 1172 2631 χρυσώσεως
1187 2566 1241 2627 ,μς

152 2648 277 2711 τελέσαι
299 2641 457 2726 ἀνάλοιμα
478 2646 573 2708 πλέον
594 2639 613 2719 ἢ
634 2665 665 2705 κ.
688 2666 715 2705 τ.
737 2644 766 2707 λ.
791 2641 916 2711 Cernes
935 2653 1028 2713 reete
1048 2642 1241 2711 &reddidit-

150 2745 324 2812 Sententia
345 2747 431 2810 enim
454 2751 522 2811 est:
546 2762 626 2828 opes
647 2745 767 2828 privati
791 2745 930 2831 hominis
950 2746 1003 2811 vei
1024 2742 1240 2817 maximasad

150 2845 361 2912 inomandum
383 2865 446 2911 non
469 2842 734 2929 suppeditaturus
756 2845 870 2931 fnisse,
891 2844 950 2910 sed
972 2845 1076 2911 solum
1097 2846 1241 2931 impers-

149 2946 233 3011 toris
255 2964 336 3031 opes
358 2946 536 3013 suffecisse.
579 2944 653 3008 Hoc
683 2952 793 3011 tamen
822 2952 913 3011 recte
936 2944 1157 3023 Schacferos,
1186 2944 1241 3031 qui

149 3043 191 3112 ἀν
214 3045 386 3131 improbat,
408 3047 487 3112 dicit
493 3094 505 3132 ,
526 3045 567 3111 ἀν
589 3050 665 3130 post
687 3047 812 3110 τελέσαι
833 3046 936 3111 fuisse
957 3044 1159 3123 addendum,
1188 3044 1242 3109 ubi

150 3147 247 3212 etiam
269 3152 347 3211 urite
368 3144 527 3227 ἀνάλωμα
548 3146 644 3210 focile
676 3145 829 3211 excidere
860 3148 974 3231 potuit·
1013 3146 1149 3211 Hiatum
1177 3164 1238 3213 ou-

150 3252 216 3310 tem
239 3244 394 3327 ejusmodi
418 3246 471 3329 qui
493 3247 582 3309 inest
602 3246 637 3311 in
659 3244 864 3335 totocorde,
886 3266 950 3313 non
970 3244 1140 3313 offendere
1159 3262 1239 3313 sse-

60 3390 63 3397 ·
148 3346 222 3431 pius
244 3345 321 3411 dixi.
365 3345 568 3409 Sintenisius
590 3347 623 3409 in
646 3342 788 3409 adnotat.
810 3365 852 3412 ne
878 3346 1143 3413 commemoravit
1164 3346 1237 3433 qoi-

149 3445 221 3510 dem
243 3443 293 3511 ἀν.
338 3442 376 3510 lo
399 3446 532 3521 ceteris,
554 3445 607 3508 rubi
629 3445 721 3511 codd·
745 3445 843 3511 valde
864 3449 1011 3533 variant,
1039 3447 1141 3530 probo
1164 3444 1265 3513 vot-'

147 3552 267 3632 getam.
312 3542 393 3632 Cap.
415 3545 514 3633 XVI,
542 3544 630 3611 105.
653 3545 682 3611 d.
704 3565 763 3632 pro
785 3545 844 3625 ἤδη
865 3550 1000 3624 ciperon
1019 3542 1123 3611 αὐτοῦ
1144 3544 1237 3621 ὄντος

147 3647 259 3731 recipe
280 3664 300 3711 e
323 3643 359 3711 C.
381 3644 440 3725 ἧόη
461 3648 596 3724 πλησίον
618 3645 712 3722 ὄντος
733 3643 846 3711 αὐτοῦ.
890 3644 938 3711 lb.
964 3642 1052 3711 106.
1063 3663 1093 3711 a·
1110 3646 1145 3711 in
1161 3664 1235 3713 ver·

147 3747 221 3811 bis:
263 3744 356 3830 Πρός
378 3747 411 3811 ὄλ
432 3743 559 3821 τούτοις
580 3744 691 3812 εἰκόνα
708 3748 836 3824 χαλκῆν
855 3749 996 3823 ἔστησαν
1015 3742 1107 3830 αὐτῷ
1127 3752 1165 3811 όν
1190 3748 1236 3829 τῷ

147 3848 219 3929 ἱερῷ
241 3847 301 3909 τοῦ
320 3844 507 3932 Ἡφαίστου
533 3844 592 3922 τὴν
618 3852 790 3927 γενομένην
818 3853 854 3935 ἐκ
882 3846 944 3909 τοῦ
972 3843 1162 3930 τραύματος
1189 3846 1235 3931 τῷ

145 3941 238 4033 ἀνδρὶ
257 3942 428 4024 χωλότητα
448 3940 530 4024 perci
551 3946 641 4025 τιμῆς
662 3948 932 4030 παρηγοροῦντες,
955 3942 1159 4013 Sintenisius
1177 3964 1235 4033 pro

146 4038 235 4128 αὐτῷ
264 4050 356 4110 recte
383 4043 488 4110 sensit
517 4045 706 4128 exspectari
734 4042 846 4111 αὐτοῦ.
893 4043 982 4135 ¹Sed
1010 4064 1073 4131 ego
1102 4046 1232 4113 omniuo
