2564 4508
321 93 727 196 ⁸-44n-

64 296 168 387 ᾐσνσι
201 317 263 386 pro
291 298 377 384 vulg.
406 295 571 385 πεφῂννσι
598 298 733 385 recepit
782 295 857 383 Ego
885 314 943 383 pro
973 295 1137 386 πεφῄνοισι
1233 342 1235 348 ,

64 403 243 485 unjeeerim
264 398 457 487 πεφάγκσσι.
502 401 548 466 lb.
566 399 659 467 402.
674 399 706 464 d.
728 399 761 464 in
784 398 913 465 verbis:
936 393 989 464 ὅτε
1002 401 1048 483 τῷ
1064 401 1137 484 θεῷ

64 503 153 568 ramo
175 507 347 591 γενομένην
367 498 547 585 ἀπολαβεῖν
567 499 606 565 τὸ
628 496 764 582 σεμνόν,
804 498 963 565 Reiskius
984 505 1062 566 ante
1083 497 1138 564 ὅτε

64 621 195 669 iconum
219 590 297 667 esse
319 603 468 687 scripsit,
492 600 727 685 wyttenbach
748 608 856 665 utitem
879 599 1017 684 nrljecitr
1038 597 1136 677 „011-

64 703 236 767 curitutern
258 703 321 773 loci
344 722 408 767 non
431 702 587 787 expedio:
623 702 787 786 complure
810 699 975 767 excidisse
997 699 1138 787 putem-‘⁶

64 803 148 869 'urm
173 801 272 869 hahet
292 799 374 880 ὥστε
396 806 443 884 τῷ
465 803 547 884 θεῷ.
594 799 666 885 Ego
689 808 797 867 curtem
818 802 972 885 conjicior
1008 799 1082 869 τότε
1102 803 1138 868 δὲ

64 906 106 969 r'nr
129 903 223 969 θεῶν
243 899 332 993 (tum
355 909 462 968 utilem
483 898 673 992 Musarum)
700 903 809 967 ἐπιδεᾶ
836 910 1008 985 γενομένην
1036 899 1137 993 (inn-

64 1022 119 1070 em
141 1023 172 1067 s.
195 1009 364 1088 expertem
387 1004 587 1068 luctumscil.
602 1002 777 1088 Pythiam]
799 1000 977 1086 ἀποβαλεῖν
997 1002 1036 1068 τὸ
1057 1029 1137 1087 σεμ-

64 1101 100 1170 iu
122 1101 170 1193 (i,
193 1123 223 1169 e.
245 1104 445 1187 magnificum
468 1104 554 1168 illam
576 1105 737 1169 rationem
759 1105 792 1168 in
823 1103 977 1168 versibus
1006 1107 1137 1173 oruculn

64 1204 234 1270 roterendi
256 1200 451 1293 objecisse).
495 1201 532 1268 C.
553 1203 645 1268 ΧΙΧ.
668 1202 761 1268 403.
783 1203 812 1267 b.
841 1203 946 1269 verba
967 1205 1138 1291 Thucydi-

64 1307 96 1371 is
119 1301 194 1392 (V,
219 1302 303 1393 16.)
335 1302 478 1390 ἀργυρέᾳ
498 1301 622 1386 εὐλάκᾳ
641 1300 783 1383 εὐλάξειν
815 1304 1137 1374 §tradentel'ceiskio
1254 1320 1258 1325 '

64 1427 119 1472 um
142 1407 281 1472 Wussio
308 1408 481 1490 Wyttenh.
505 1413 540 1472 et
561 1407 697 1472 Huttenr
722 1424 780 1490 pro
802 1405 961 1487 vulgatis:
994 1404 1138 1494 ἀργύρεοι

64 1503 258 1584 -σνλλέξειν
286 1509 509 1573 restituerunt.
544 1506 602 1570 lh.
624 1503 718 1569 403.
741 1524 769 1570 ο
790 1505 828 1568 'in
850 1505 978 1572 solenni
999 1506 1138 1574 invoca-

64 1607 136 1672 ioue
158 1596 347 1673 ἀδέσποτον
363 1608 525 1675 Ἄπολλον
552 1607 661 1672 hiatus
689 1625 752 1671 non
782 1605 925 1671 offendit.
948 1606 1014 1678 ,lh
1042 1605 1136 1673 403.
1205 1648 1210 1659 ,

64 1753 78 1771 ε
112 1707 146 1771 in
174 1707 286 1773 ‚verbis
309 1708 447 1773 oraculi:
491 1704 575 1773 ὅπου
597 1705 635 1771 τὸ
658 1712 753 1791 κέρας
774 1698 952 1786 ἀποβάλλει
973 1700 993 1768 ὁ
1013 1708 1138 1793 ἔλαφος·

64 1805 206 1872 'ocellum
230 1825 408 1872 concursus
429 1809 551 1893 poterit
572 1802 730 1883 defendi„
758 1801 831 1869 Sed
853 1822 881 1867 c.
904 1802 978 1869 XX⁴
999 1800 1137 1872 dont

64 1923 80 1969 n
100 1905 230 1973 verbis:
251 1905 444 1986 Μισογύνου
461 1904 660 1988 Ἡρακλέους
681 1900 768 1990 ἱερόν
788 1909 874 1968 ἐστιν
895 1909 930 1970 du
950 1906 991 1988 τῇ
1012 1904 1139 1973 Φωκίδι

64 2006 104 2071 νά
124 2007 287 2087 νομίζεται
309 2003 366 2070 τὸν
387 2009 556 2092 ἱερωμένον
576 2011 611 2070 ἐν
632 2005 678 2086 τῷ
700 2004 837 2086 ἐνιαυτῷ
858 2007 988 2085 γυναικὶ
1007 2002 1051 2087 μὴ
1066 2002 1137 2088 ὁμι.

64 2113 123 2171 εἴν.
147 2106 222 2171 libri
242 2108 358 2188 μισοῦν
378 2102 443 2189 γάρ
462 2100 660 2186 ’Προκλέους
680 2103 821 2184 hubent,
843 2104 930 2171 unde
949 2104 1086 2172 Huuen.
1107 2126 1138 2174 c.
1220 2167 1223 2170 ,

64 2206 169 2271 lmint
189 2205 331 2292 Xyland.
354 2211 388 2272 et
409 2205 499 2270 Meu.
522 2200 718 2286 Μισογύνσυ
735 2202 871 2292 Ὴρσικλ
892 2204 1003 2272 edidit
1031 2208 1137 2276 Nemo

64 2323 158 2372 nmen
179 2312 327 2372 veterum
340 2305 481 2371 Herculi
503 2304 661 2386 ejusmodi
682 2322 860 2387 cognomen
882 2296 1008 2385 tnhuit,
1031 2324 1139 2394 neque

64 2405 144 2486 nde,
187 2404 273 2495 quod
294 2404 452 2472 sacer-dos
473 2409 543 2469 toto
564 2423 649 2469 unuo
671 2404 838 2470 mulierum
859 2424 920 2469 usn
941 2405 1139 2496 abstinebat,
1197 2425 1201 2433 ’

64 2511 140 2573 ecte
165 2506 391 2586 concludetur,
421 2507 527 2592 ipsum
548 2504 724 2572 Herculem
746 2508 781 2568 ut
802 2504 990 2571 feminarum
1010 2527 1139 2575 osorem

64 2625 128 2672 sse
149 2605 277 2672 cultum.
322 2607 411 2672 ldem
433 2607 518 2671 enim
540 2606 637 2672 etium
658 2605 693 2669 in
714 2603 813 2668 ltulis
832 2603 948 2693 tiebat,
975 2606 1035 2672 sed
1063 2608 1138 2674 aliis

64 2706 91 2771 le
113 2707 245 2785 causis,
256 2706 321 2773 vid.
334 2707 419 2772 Plut.
435 2704 570 2787 Quaest
582 2706 676 2771 Rom.
693 2703 757 2768 57.
801 2703 873 2768 Huc
893 2706 1035 2793 accedit,
1053 2708 1138 2794 quod

64 2807 170 2872 cultae
192 2806 317 2891 quidem
339 2827 395 2872 res
416 2809 458 2872 uh
481 2827 521 2873 eo
542 2813 660 2891 gestae
681 2810 776 2890 suut,
804 2805 922 2890 quihus
938 2805 1139 2898 teminorum

64 2909 179 2974 limium
207 2927 371 2989 umorem,
413 2907 474 2973 sed
503 2908 612 2987 nullu,
655 2925 719 2992 que
740 2923 849 2973 eurum
871 2905 1080 2994 odiumprue
1100 2927 1140 2993 se

64 3012 154 3076 erret
166 3054 176 3087 ,
218 3010 283 3072 nisi
304 3009 484 3093 quodcum
505 3007 684 3092 chnnirue
707 3005 938 3072 succensuisse
959 3008 1140 3074 'verisimile
1186 3043 1197 3072 ·.

64 3094 114 3174 rst'
156 3106 309 3193 Denique
332 3109 490 3194 particule
509 3105 594 3194 γὰρ,
615 3126 678 3193 qua
700 3124 754 3192 en,
772 3124 855 3190 quue
876 3109 1140 3194 sequuntur‚.iis‚

64 3228 133 3296 [une
155 3211 371 3294 praecedunt,
393 3214 624 3287 annectuntur,
646 3207 706 3272 vix
727 3224 841 3272 ‹curere
864 3228 1045 3294 possumus
1068 3210 1142 3278 ltu·

64 3328 113 3396 [ue
134 3311 251 3389 μισοῦν
271 3306 336 3391 γάρ
356 3308 433 3373 mihi
455 3328 529 3374 non.
542 3326 586 3372 ex
605 3303 794 3390 μισογύνου,
815 3309 878 3375 sed
900 3328 944 3375 ex
964 3317 1064 3393 μέσον
1076 3307 1142 3398 γάρ
1205 3324 1210 3335 “

64 3417 154 3474 utum
177 3427 255 3473 esse
276 3409 422 3494 videtur,
458 3415 494 3473 ut
515 3410 683 3474 sententio
705 3408 876 3477 Plutarchi
898 3410 1012 3477 suerit:
1053 3411 1143 3477 nte-
1207 3417 1240 3499 .'

64 3509 159 3573 lium
189 3504 290 3574 enim
319 3509 520 3575 llerculis
549 3509 744 3594 templum
776 3518 848 3575 est
879 3513 918 3576 in
948 3510 1141 3575 Phocide.

64 3607 191 3675 Videtur
212 3615 321 3674 nutem
341 3610 450 3688 locus,
482 3629 544 3694 quo
568 3609 719 3694 templum
740 3617 830 3694 erut,
857 3611 1008 3694 ignobilis
1029 3611 1144 3696 fuisse,

64 3711 86 3776 d
108 3709 193 3796 quod
216 3710 258 3775 de
281 3711 427 3794 plurimis
441 3708 595 3796 Phocidis
616 3709 698 3776 locis
720 3709 783 3775 dici
796 3717 922 3801 potest3
944 3711 1030 3776 unde
1044 3712 1144 3776 etium
1212 3720 1215 3725 “

64 3829 170 3877 rumen
191 3810 347 3876 Phocidis
367 3812 468 3888 urbis,
489 3804 613 3896 iu-quu'
629 3801 791 3877 Hercules
813 3812 919 3876 cultus
940 3813 997 3899 sit,
1016 3830 1039 3876 u
1058 3811 1145 3876 nullo

64 3917 209 3998 {uentum
229 3913 298 3976 scio
321 3910 481 3995 scriptore
508 3911 661 3979 traditum
688 3917 749 3977 cst.
791 3911 867 3976 Vid.
896 3910 1030 3976 lictum.
1057 3910 1143 3975 mitt.

64 4012 92 4084 ul
115 4012 203 4079 utut
223 4010 352 4079 emend
372 4033 404 4097 p.
431 4008 493 4082 th.
535 4009 574 4086 C.
597 4011 688 4082 XXl.
711 4008 803 4078 404.
824 4010 856 4076 ἀ.
879 4030 955 4097 pro:
997 4011 1054 4077 κνὶ
1080 4007 1144 4098 γάρ
