2564 4508
418 123 803 273 ’ἑτοιμ-

77 350 121 413 καὶ
138 344 206 429 ἄρα
226 341 353 422 τούτοις
372 349 431 426 μέν
451 353 586 412 veteres
609 345 679 410 libri
702 365 814 412 ornnes
841 347 898 412 καὶ
927 339 1055 424 τούτοις
1070 351 1139 437 ,μὲν

10 489 13 529 ;
76 447 193 532 labent.
237 447 439 532 l'raepositin
462 435 531 527 ἅμα
553 449 638 512 enim
668 456 790 514 estex
819 449 1003 532 conjectura
1033 449 1142 515 inser-

10 536 12 546 ’
52 537 107 616 'ta
126 548 245 624 ταύτας
265 550 322 629 μέν
344 546 444 613 edidit
468 545 608 614 Casaub.
632 568 674 613 ex
697 549 781 633 lieg.
803 548 842 613 B.
855 597 866 636 ,
887 549 919 613 in
943 569 1004 633 qun
1033 555 1143 619 tamen

10 709 11 716 ,
72 659 129 716 cst:
149 654 205 716 καὶ
226 636 348 725 ταυτας
368 651 433 731 μὲν.
476 645 664 733 Schweigh.
687 658 802 715 censet
825 655 880 715 ant
901 644 1143 730 cipanecessa-
1228 704 1230 710 .

10 738 29 747 ''
67 753 110 817 rin
129 751 336 818 inserendum
358 757 413 816 aut
437 748 693 829 συνεξαπέσταλε
715 750 918 816 scribendum
940 771 998 836 pro
1027 749 1143 830 ἐξαπέ-

66 856 162 918 στειλε
189 851 343 937 additque
366 849 661 934 Scaligern-ctiam
688 846 757 930 ἅμα
786 851 975 938 placuisse.'
1006 851 1051 916 At
1079 854 1144 918 viri
1207 847 1214 860 ⁶

63 953 149 1019 ducti
169 954 272 1018 locum
295 972 357 1019 uon
380 960 471 1017 recte
493 951 737 1030 intellexerunt,
760 955 851 1035 cujus
874 953 1040 1017 sententia
1061 952 1144 1021 haec

62 1063 131 1120 est:
160 1036 194 1119 el
215 1054 265 1118 his
286 1053 411 1137 quidem
433 1053 451 1116 i.
475 1072 501 1117 e.
524 1052 643 1134 legatis
664 1054 720 1115 καὶ
741 1051 868 1129 τούτοις
889 1053 1010 1119 dimisit
1032 1061 1144 1119 etre-

58 1155 152 1243 liquit
173 1154 214 1219 ad
238 1154 352 1218 landus
374 1153 561 1227 firmandum
584 1153 757 1233 Sosibium,
779 1154 851 1238 ipse
873 1162 980 1220 aulem
995 1154 1144 1221 Alexan·

57 1255 164 1322 driam
185 1255 326 1339 repetiit:
369 1253 510 1318 Dativus
532 1255 628 1338 igitur
649 1260 739 1318 recte
761 1254 801 1318 ab
823 1251 1018 1332 ἐξαπέστειλε
1038 1274 1146 1342 neque

57 1359 296 1441 minusrecte,
317 1355 346 1418 si
368 1357 438 1436 vm,
461 1356 557 1420 etiam
580 1357 620 1420 ab
642 1351 880 1436 έπαιυριόσοντα
902 1353 971 1446 (ita
992 1375 1036 1422 ex
1058 1359 1147 1426 Flnr.

57 1479 119 1546 pro
148 1465 223 1523 cett.
257 1453 498 1542 έπικυρώσαντα
531 1469 584 1520 est
619 1451 777 1543 editum).
795 1457 864 1539 regi
899 1463 1018 1542 potest.
1063 1455 1144 1544 Capr

56 1557 284 1643 Lxxxynl,
307 1555 340 1620 ὅ.
362 1559 393 1622 in
416 1557 544 1623 verbisz
562 1554 666 1642 Ἱέρων
683 1553 746 1640 γὰρ
769 1558 824 1621 καὶ
846 1559 963 1637 Γέλαν,
986 1556 1024 1622 οὐ
1044 1555 1146 1640 μόνον
1247 1573 1248 1577 ’

56 1661 186 1725 ἔδωκαν
206 1653 427 1741 ἑβδομήκοντα
448 1660 503 1722 καὶ
528 1666 617 1722 πέντε
638 1647 794 1741 ἆργυριόυ
815 1653 973 1737 τάλαντα,
995 1656 1147 1741 πρὸςτὴν

57 1765 106 1836 εἰς
127 1756 166 1823 τὸ
188 1761 297 1824 ἔλαιον
319 1767 388 1832 τοῖς
409 1763 443 1822 ἐν
464 1759 510 1840 τῷ
532 1763 699 1840 γυμνασίῳ
719 1762 897 1844 χορηγίαν,
940 1757 983 1824 τοι
1002 1761 1061 1841 μέν
1081 1781 1147 1828 τοι·

58 1860 232 1944 ραχρῆμοι,
253 1855 296 1922 tri
317 1859 350 1922 δέ
372 1865 406 1923 ἐν
425 1856 533 1943 χρόνῳ
554 1850 674 1943 βραχοῖ
691 1861 861 1935 παντελῶς.
892 1859 1026 1926 offendit
1047 1859 1148 1925 Bels-

58 1960 168 2025 kiusss
212 1946 415 2026 incredibilis
443 1961 551 2045 utique
583 1980 726 2039 summa,
772 1962 897 2046 inquit,
937 1952 1148 2045 septuaginta
1251 2037 1256 2052 ,

60 2048 204 2147 quinque
226 2060 351 2151 talenta
379 2059 421 2124 ad
443 2060 548 2125 oleum
570 2062 805 2145 palaestrarum
827 2059 920 2139 data,
952 2063 1147 2148 praesertim
1176 2046 1178 2052 ⁸

60 2163 107 2228 ab
130 2181 181 2249 en,
202 2160 257 2246 qni
278 2162 406 2225 nonnisi
428 2161 538 2226 decern
562 2162 684 2253 talenta
706 2163 747 2227 ad
769 2160 929 2227 sacrificia
950 2161 1078 2246 publica
1091 2160 1148 2226 de·
1272 2255 1273 2259 Ἰ

60 2263 161 2344 derit,
184 2262 297 2327 decem
318 2262 360 2327 ad
383 2262 550 2348 augendus
572 2264 674 2340 cives,
699 2263 778 2327 nihil
799 2261 842 2327 ad
864 2261 1039 2328 reficienda
1059 2276 1148 2328 moe·

60 2365 120 2430 nia
141 2368 182 2429 et
210 2363 359 2436 navalia,
401 2364 569 2450 inquibus
596 2363 791 2450 praesidium
819 2369 853 2427 et
881 2361 982 2427 decus
1016 2370 1053 2428 et
1075 2382 1147 2429 'sa-

53 2458 115 2530 lus
148 2469 220 2530 crat
253 2463 462 2529 Rhodiorum.
512 2463 726 2531 intercidisse
755 2465 852 2547 igitur
880 2463 1065 2547 suspicatus
1095 2470 1150 2528 est

61 2563 257 2648 Schweigh.
287 2583 315 2629 c.
345 2565 482 2630 Reisliin
515 2565 596 2631 llaec
623 2567 695 2630 lere·
724 2564 847 2630 verbat
889 2560 1035 2627 τάλαντα
1070 2560 1149 2646 πρὸς

61 2662 284 2746 ἀνοικοδομὴν
305 2666 368 2729 τῶν
390 2666 503 2743 τειχῶν
531 2669 588 2730 καὶ
616 2667 679 2729 τῶν
709 2667 846 2749 νεωρίου
873 2663 929 2727 καὶ
956 2669 1047 2726 πέντε
1073 2659 1148 2744 ἀργ.

62 2765 137 2830 uta
181 2763 273 2830 Idem
301 2771 408 2831 tamen
438 2763 629 2849 Schweigli.
659 2765 692 2830 in
723 2766 842 2829 Annat
871 2762 1026 2847 scripsit:
1046 2787 1048 2799 ·
1065 2761 1151 2828 Vide
1198 2822 1210 2852 ‚

62 2886 162 2945 vero,
206 2886 247 2932 an
278 2885 337 2951 per
364 2885 403 2930 se
427 2873 517 2930 stent
538 2867 603 2932 ista
623 2866 725 2932 verba
747 2866 858 2950 &pidum
876 2866 932 2928 καὶ
953 2869 1044 2926 πέντε
1074 2858 1147 2945 νἰργ.
1218 2893 1220 2896 >

63 2964 214 3032 τάλαντα
235 2975 270 3030 et
290 2965 417 3032 deinde-
431 2966 669 3051 legendum'sit
690 2965 767 3054 πρὸς
789 2968 833 3044 dd,
855 2963 913 3043 τὴν
933 2968 978 3039 εἰς
990 2962 1028 3027 τὸ
1040 2965 1151 3028 ἔλαιον

62 3070 281 3154 -χορηγίαν,
308 3065 433 3143 idest,
461 3064 623 3144 adhaec,
652 3067 706 3131 vel
735 3075 906 3151 praeterea
928 3062 1151 3149 suppeditavit

64 3169 173 3234 oleum
192 3186 294 3232 omne.
340 3167 408 3232 Sed
423 3167 555 3232 obstare
572 3167 712 3232 fortasse
725 3168 887 3233 videbitur
909 3165 952 3252 id,
973 3163 1058 3250 quud
1072 3183 1152 3253 pro-

65 3271 154 3333 xime
167 3269 323 3353 sequitur,
341 3264 384 3330 τα
396 3269 453 3347 μὲν
469 3269 768 3349 παραχρῆμα·οέο.“
808 3265 967 3353 Equidem
982 3267 1095 3332 vitium
1112 3265 1151 3331 in

65 3369 199 3435 verbisc
227 3365 305 3449 πρὸς
318 3365 375 3445 τὴν
391 3373 435 3442 εἰς
448 3365 486 3432 τὸ
502 3370 649 3449 ἔλαιον-
653 3372 813 3452 χορηγίαν
826 3369 937 3432 inesse
953 3375 1029 3452 puto
1047 3367 1151 3449 cnnji·

65 3471 182 3554 cloque
195 3468 364 3552 Polybium
374 3466 459 3553 πρὸς
471 3470 510 3552 τῇ
521 3470 659 3551 λτέλαιόυ
671 3480 741 3544 τοῖς
751 3474 785 3534 ἐν
797 3471 845 3550 τῴ
860 3471 1027 3550 γυμνασίῳ
1045 3488 1152 3550 γορη-

63 3573 127 3653 γέα
149 3570 326 3653 scripsisse
346 3569 365 3631 i.
389 3588 418 3633 e.
443 3575 617 3654 praeterea
639 3569 722 3655 quod
745 3570 850 3635 nleum
867 3568 1096 3634 exercentibus
1117 3568 1152 3632 in

66 3669 239 3756 gymnasia
253 3669 462 3755 praebebant.
474 3669 557 3733 Hac
570 3670 653 3735 enim
666 3691 731 3736 nun
746 3670 789 3736 ad
808 3670 931 3736 talenta
944 3670 1072 3752 argenti
1095 3672 1151 3732 est

66 3771 214 3846 relatum,
239 3771 312 3856 quia
329 3771 451 3860 fructus
467 3770 564 3835 estin
579 3775 668 3836 terra
681 3779 788 3859 natus
800 3771 887 3856 quad
897 3769 1013 3835 danum
1028 3788 1067 3834 ea
1078 3769 1153 3851 ipsa

64 3869 110 3937 de
131 3889 232 3937 causa
253 3870 392 3936 donanti.
408 3870 540 3962 mindris
562 3877 634 3936 erat
654 3873 761 3958 prelii.
805 3869 867 3947 nu
889 3877 924 3937 et
944 3869 1022 3952 πρὸς
1043 3875 1152 3934 autem

65 3991 141 4038 cnm
162 3972 295 4058 saepius
317 3978 556 4057 permutentur,
578 3991 649 4037 cum
670 3973 824 4038 articulus
845 3968 882 4036 τὸ
904 3973 937 4036 in
960 3968 1032 4034 edd.
1059 3965 1101 4030 1.·
1115 3973 1151 4032 et

67 4069 106 4138 ὓ.
130 4071 234 4155 desit,
262 4068 321 4150 τὴν
341 4073 375 4138 in
397 4080 437 4158 τῇ
458 4080 565 4139 autem
587 4078 687 4159 atque
705 4076 864 4166 χορηγίαν
884 4061 917 4135 in
937 4072 1079 4156 χορηγίᾳ
1099 4068 1151 4135 la-
