2564 4508
481 133 749 197 ..107-

6 299 235 439 gestieg.
257 295 349 386 080,
373 297 463 365 108.
485 297 684 386 προύτίθετο
706 299 791 365 Phil.
814 290 925 380 1,40,
949 300 983 366 1.
1005 299 1153 447 aporiast-

6 381 236 489 pmdrncea
259 399 398 465 Timocr
420 396 512 486 703,
537 399 598 465 11.

12 496 22 507 ’
164 497 229 582 Qui
251 500 350 587 igitur
370 499 464 580 haee,
485 519 569 586 qrrae
597 507 631 567 et
660 498 702 565 de
729 500 878 568 Isocrate
907 509 941 566 et
962 502 1005 568 de
1026 503 1151 569 Demo-

7 599 180 667 ’stheue
208 619 304 667 ame
324 607 403 665 sunt
429 594 546 678 allata,
577 606 666 665 recte
697 603 920 686 perpenderit,
950 604 1151 688 exploratum

7 674 21 752 ι
74 697 625 786 htebit‚nonsotum1socrotem
647 704 838 783 maximam,
868 703 929 768 sed
958 704 1055 769 etiam
1080 703 1152 768 lle-

7 793 18 836 ’·
73 800 279 867 mosthenem
289 796 373 868 satis
395 821 542 900 magnam
565 822 673 867 curam
695 803 726 866 in
749 803 889 879 hiatibus
911 802 1076 869 evitandis
1090 824 1151 888 po-

71 901 178 967 suisse.
231 901 354 967 Restat
380 894 506 981 antem,
535 909 570 967 ut
599 903 807 982 ostendatur,
837 906 883 969 nti
910 905 1125 970 Isocratem
1117 925 1150 970 m

8 994 14 1082 ,¹
72 1002 267 1070 mationibus
288 1002 538 1069 demonstrativi
559 1010 595 1069 et
617 1005 780 1085 forensis,
825 1006 871 1070 ita
893 1004 1150 1070 Demosthenem

8 1093 9 1116 ¹
68 1102 319 1170 lucrationibus
341 1103 548 1170 deliberativi
570 1121 631 1168 uec
653 1121 717 1170 uon
740 1106 880 1171 forensis
901 1107 1035 1191 generis
1058 1107 1153 1190 prim·

68 1205 152 1289 cipes
173 1205 349 1278 extitisse,
372 1204 425 1288 qui
447 1211 538 1270 tanto
561 1223 630 1269 cum
653 1205 760 1270 studio
783 1207 1023 1270 concursionem
1046 1225 1149 1271 voea-

65 1303 133 1371 lium
155 1302 309 1387 fugerint.
354 1300 514 1373 Oratores
536 1304 620 1371 enim
642 1305 694 1370 his
717 1308 916 1392 antiquiores
946 1306 1053 1370 hiatus
1084 1327 1148 1372 non

64 1408 209 1475 evitasse
228 1407 264 1475 ln

426 1489 590 1591 Capite
622 1491 770 1588 quinto

230 1613 270 1663 do
294 1613 389 1661 blato
412 1614 447 1661 tu
471 1614 667 1663 oratorlbus
689 1619 769 1662 ante
786 1612 979 1663 Isocratem

58 1709 435 1777 sundemonstraturus.
480 1707 531 1773 lta
551 1707 751 1792 Gorgias,
772 1727 865 1796 qoem
889 1710 1019 1794 primum
1036 1709 1148 1775 horum
1181 1700 1183 1705 ’

58 1819 223 1877 oratorum
246 1809 419 1874 exstitisse
439 1809 642 1895 accepimus,
686 1811 720 1874 iu
750 1811 947 1895 fragmento,
988 1810 1073 1897 qrrod
1104 1829 1147 1875 ex

56 1911 211 1997 Dionysii
249 1910 339 1974 libris
371 1909 553 1994 deperditis
589 1909 682 1974 uobis
719 1932 739 1977 a
772 1912 951 1976 scholiasta
986 1931 1147 1994 anonymo

56 2011 277 2095 Hermogenis
299 2031 330 2096 p.
345 2008 440 2075 421.
461 2005 516 2098 (v.
530 2007 689 2095 Spengel.
703 2012 882 2093 Συναγωγ.
906 2035 991 2086 roro.
1017 2032 1046 2096 p.
1059 2008 1146 2099 78.)

54 2117 110 2178 est
139 2118 331 2188 servatum,
366 2111 475 2195 plures
504 2109 634 2176 admisit
660 2112 779 2177 hiatus.
841 2110 905 2175 Est
933 2112 1147 2194 fragmentum

54 2213 216 2279 orationis
239 2211 391 2290 funebris,
415 2213 505 2293 cujus
530 2220 750 2291 argumentum
764 2207 985 2280 Philostratus
1009 2233 1040 2296 p.
1054 2208 1144 2275 403.

54 2312 222 2398 exposuit.
264 2311 303 2376 V.
325 2311 422 2377 Foss.
444 2311 488 2376 de
511 2308 611 2394 Gorg.
636 2333 666 2397 p.
688 2310 752 2377 ot.
801 2312 904 2377 fu'eo
926 2313 1012 2377 enim
1034 2312 1065 2376 hi
1094 2313 1147 2377 le-

53 2420 176 2498 guntur
196 2412 368 2496 graviores
390 2411 500 2477 hiatus
522 2408 686 2501 (minores
708 2431 767 2477 eos
789 2411 946 2498 dixerim,
987 2413 1040 2497 qui
1062 2432 1146 2497 apo-

54 2515 194 2600 stropho
215 2513 365 2598 ponendo
386 2513 514 2596 possint
537 2512 617 2598 tolli,
640 2531 746 2598 neque
767 2533 827 2578 eos
849 2513 945 2578 etiam
960 2511 1146 2577 afferendos

53 2633 135 2681 esse
157 2614 246 2700 duxi,
265 2616 318 2700 qni
340 2634 432 2699 quum
455 2632 559 2698 pausa
580 2614 612 2676 in
635 2612 794 2696 loquendo
816 2620 892 2696 post
913 2614 1030 2696 prioris
1052 2613 1146 2677 verbi

54 2716 205 2782 vocalem
227 2714 299 2792 frat,
321 2714 445 2779 facilem
469 2714 611 2780 habeant
633 2706 908 2800 excusationem.)
937 2713 988 2775 δεῖ
1006 2709 1152 2794 ἀνδράσι,

56 2812 202 2898 -νὸμου
216 2810 575 2899 ἀκριβείας-ὑβρισταὶ
589 2809 804 2893 εἰςψκόσμιοι
826 2810 1036 2896 εἰς-ἄφοβοι
1058 2817 1144 2888 alc·-

54 2917 153 2981 δεινοὶ
179 2913 417 3001 ἐπι-ἐμφύτου
438 2913 753 2998 Ἄρεος-ἐνοπλίου
780 2909 1145 2999 Ἔριδος-φιλοκάλου

56 3013 278 3098 Εἰρήνης-ζῇ
300 3012 349 3078 οὐ.
393 3011 486 3094 Quod
509 2997 588 3080 cum'
602 3013 772 3080 videamus
794 3012 914 3077 factum
935 3013 968 3077 in
996 3015 1144 3078 oratione

54 3117 184 3202 publica
205 3134 309 3201 eaque
331 3114 517 3180 ostentandi
539 3131 639 3179 causa
659 3114 801 3200 scripta,
822 3113 925 3178 minor
946 3115 1044 3178 etiam
1067 3132 1145 3179 cura

55 3220 88 3282 iu
111 3218 202 3282 hiatu
223 3214 388 3292 evitando,
411 3216 440 3279 si
462 3216 567 3280 minor
588 3219 700 3299 potest
722 3232 810 3298 esse,
834 3215 1005 3298 perspicua
1026 3215 1143 3279 eritin

55 3319 226 3395 oratioue,
270 3335 353 3400 quae
369 3317 486 3400 'specie
509 3319 600 3379 certe
622 3315 662 3379 ad
685 3333 790 3399 genus
812 3315 943 3380 forense
972 3320 1025 3380 est
1052 3314 1143 3380 refe-

55 3417 168 3484 renda.
208 3419 256 3482 At
277 3417 310 3481 iu
331 3417 479 3481 oratione
499 3414 541 3480 de
557 3414 791 3492 Palamede,
814 3435 901 3501 quae·
916 3414 1059 3498 Gorgiae
1081 3415 1144 3478 tri·

55 3518 183 3602 buitur,
224 3518 316 3602 pauci
338 3516 508 3582 admodum
530 3517 733 3601 reperiuntur
755 3515 862 3580 hiatus
884 3515 969 3599 iique
991 3524 1067 3579 sunt
1094 3514 1143 3580 bi:

57 3616 205 3705 past.
227 3615 329 3703 ἡμέρᾳ
351 3623 492 3699 ἐγένετο,
535 3618 594 3681 τοῦ
615 3618 672 3697 μὲν
695 3611 853 3703 [ὅλου]
838 3638 944 3696 υμεις,
987 3614 1041 3680 ubi
1064 3611 1143 3680 ὅλου

54 3719 227 3786 delendum
250 3737 327 3784 esse
350 3717 495 3808 videtur3
516 3719 645 3804 ἐμφανῆ
666 3722 797 3796 ἐμποιεῖ.
842 3711 950 3804 (Num
970 3717 1028 3796 μὲν
1049 3724 1142 3791 ποιεῖ,

53 3820 200 3906 sequitur
222 3819 308 3884 enim
329 3817 384 3883 διὰ
402 3811 483 3906 ddi)
509 3815 637 3883 188st
619 3825 759 3903 αφϊκται
781 3813 909 3879 oiueu-
918 3812 1057 3895 κάκεινω
1078 3797 1141 3893 ayo

52 3917 232 4036 -r‘moapxor
252 3916 392 3984 ἅπαντα.
417 3917 505 3984 100.
525 3915 588 4004 χρὴ
610 3914 905 4035 ἀνδρὶ-βούλομαι
927 3913 1141 3979 strato-dao-

51 4044 112 4102 μαι
133 4008 328 4100 οὖν-ἐμοῦ
349 4025 456 4084 εἰπεῖν.
482 4016 569 4086 101.
590 4025 638 4095 εἴη
659 4016 679 4095 ἢ
701 4023 819 4105 κρίσις,
863 4017 916 4081 ubi
945 4012 1098 4078 articulus
1121 4031 1141 4076 a
