2580 4514
564 146 838 211 ..ιςρ..

158 315 218 379 λον
230 310 366 401 addidit,
387 316 423 379 et
435 330 493 398 pro
506 311 638 395 volgato
658 308 869 395 πιστούμενος
888 314 1064 381 ιπιστοῦτο
1085 312 1242 403 enemo

156 418 272 480 neutro
294 413 552 479 assentientibus
577 414 678 478 libris.
720 412 891 500 Xylander
920 414 1059 501 corrigit
1080 410 1244 505 Αἰσχύλον

155 512 239 598 μετὰ
259 511 318 591 τὴν
338 511 467 598 λξορίαν
486 517 640 596 ἐλεγείαις
659 522 695 580 et
716 514 763 579 its
784 512 936 581 reddidit.
965 515 1128 583 Aminios
1140 518 1244 591 yerlilt
1279 526 1282 599 l

128 616 132 627 '
157 615 315 700 elegiis
338 614 378 678 in
399 613 560 679 laudem
583 615 702 697 hujus
724 615 910 699 regionis
931 615 1076 683 factis.
1097 616 1245 685 leemi-

155 727 225 791 τοῖς
246 722 281 780 et
300 716 447 795 ἐλεγείοις
469 715 535 799 legi
556 715 672 780 volens
694 716 893 801 Μεθονρίαν
913 714 1056 783 meolam
1078 716 1245 805 signillm'

156 817 352 903 suspicatur.
373 813 595 881 Koltruasser.
608 816 710 880 verba
727 820 772 890 εἰς
785 788 1023 902 τὴμμσᾶορλαν
1034 810 1166 887 vitiose
1178 838 1245 899 esre

155 918 234 984 dota
255 921 372 981 censet
394 934 451 1000 pro
472 920 517 989 εἰς
536 913 613 992 τοὺς
634 922 668 981 ἐν
688 916 884 1001 Μαραθῶνι
904 914 1129 996 redariorum
1152 920 1282 1031 Wyt·
1280 914 1282 967 Ι

157 1018 245 1085 tenh
266 1016 407 1102 donique
428 1017 579 1101 opinatur
598 1017 763 1101 μιθορίαιι
791 1017 833 1082 oh
854 1016 1025 1103 Aeschylo
1053 1036 1120 1105 pro
1147 1038 1254 1115 μιτσι.

155 1124 232 1183 ιιίαν
253 1123 440 1202 usurpatum
461 1135 540 1182 csse
567 1116 600 1180 in
630 1115 722 1180 titulo
743 1114 883 1201 Elegiae
912 1117 1061 1185 metue
1050 1136 1087 1183 ιιι
1120 1106 1244 1185 ιιιίΙίοιΙ

156 1217 333 1287 Siciliense
346 1237 447 1282 suum.
491 1215 654 1303 Equidem
675 1235 798 1283 censeo
819 1216 941 1304 aliquid
962 1214 1151 1285 addendum
1171 1218 1244 1285 iuis-
1279 1194 1282 1353 l

37 1312 40 1317 ’
156 1339 219 1401 se,
239 1318 323 1406 quod
346 1319 398 1404 sig
377 1317 564 1396 edificaret,
585 1336 647 1403 quo
670 1324 818 1403 tempore
838 1319 916 1384 illoc
935 1316 1065 1403 elegiae
1088 1318 1241 1405 composi·

157 1428 212 1488 tae
227 1422 305 1509 sint,
327 1419 360 1485 id
381 1420 464 1506 quod
487 1418 617 1484 multum
639 1418 717 1484 lacit
738 1418 781 1486 od
804 1418 992 1485 historicam
1012 1436 1129 1487 earum
1150 1420 1243 1493 llrlu¹

157 1520 304 1608 conjicio
326 1522 424 1606 igitur
445 1522 600 1606 scriptum
622 1519 725 1586 luisse
745 1529 820 1597 ταῖς
794 1504 965 1602 mnae
939 1542 1030 1607 ωραν
1050 1516 1282 1613 (posticu-

157 1644 220 1710 pus
249 1622 321 1687 scil.
351 1616 503 1711 pugnae)
532 1620 629 1686 luctis
657 1621 783 1706 elegiis.
833 1618 965 1687 Deinde
993 1640 1055 1707 pro
1083 1622 1282 1703 &rading

156 1723 263 1789 retine
285 1720 317 1786 id
341 1722 424 1808 quod
447 1721 520 1786 libri
540 1726 672 1787 tuentur
692 1717 920 1804 πιστούμενος,
962 1720 1025 1787 sed
1058 1742 1123 1809 pro
1150 1720 1282 1805 tritt

156 1824 265 1891 scribe
285 1823 402 1909 ἐτίθη,
423 1829 499 1907 post
520 1821 605 1907 quand
628 1821 781 1910 verbum,
808 1840 874 1891 non
893 1826 972 1909 pust
990 1822 1162 1911 λπιφανιιῑς
1179 1820 1243 1911 ple·
1279 1846 1282 1943 ρ

155 1925 230 1991 nius
252 1924 456 2008 interpungo.

242 2022 335 2105 Quod
356 2022 484 2106 igitur·
475 2041 508 2086 ιιι
530 2021 712 2107 quindecim
735 2021 829 2106 hujus
848 2016 922 2087 libri
941 2020 1025 2089 locis
1044 1956 1186 2091 vocum
1203 1982 1282 2089 ile*

156 2129 367 2197 concurrunt,
387 2128 423 2187 ut
444 2122 610 2188 offendere
631 2123 779 2209 possint,
810 2122 844 2187 ln
864 2128 993 2209 septum
1013 2122 1100 2191 locis
1120 2124 1244 2193 critico-
1279 2053 1282 2185 l

154 2245 227 2292 rum
248 2224 363 2310 culpae
386 2229 441 2288 est
461 2223 679 2311 tribuendum,
711 2243 745 2288 v.
769 2219 862 2287 614.
885 2240 915 2289 ε.
936 2220 1029 2289 ort.
1052 2242 1085 2291 c.
1106 2220 1201 2291 696.
1219 2244 1247 2291 c.

157 2324 247 2392 693.
269 2344 300 2392 e.
323 2320 467 2389 6961.
492 2320 583 2389 697.
606 2342 637 2389 ιι
663 2320 755 2389 698.
777 2342 817 2404 c.‚
839 2322 1244 2413 inquotuorlocissnerit

154 2428 368 2511 librariorum,
390 2423 423 2488 id
445 2422 536 2509 quod¹
551 2423 638 2489 indo
651 2428 762 2510 potest
783 2420 941 2511 concludi,
961 2422 1038 2510 quia
1057 2426 1245 2505 aliisctirrr

156 2528 199 2595 de
221 2527 331 2593 causis
352 2530 386 2591 ct
408 2543 451 2589 ex
473 2543 533 2588 usu
555 2523 722 2588 Plutarchi
743 2523 879 2588 mutatio
899 2522 1077 2609 prohshrr,
1098 2545 1134 2593 v.
1157 2520 1245 2593 616.
1263 2582 1267 2593 ,

156 2630 187 2696 b.
210 2626 301 2693 691.
330 2626 361 2691 d.
394 2622 485 2690 696.
515 2643 542 2689 c.
571 2621 662 2689 697.
697 2623 717 2688 l.
758 2624 797 2688 ln
828 2624 954 2691 ceteris
981 2624 1065 2691 locis
1095 2622 1188 2693 oro.
1213 2646 1243 2695 ιι.

156 2725 248 2795 619.
272 2730 301 2794 b.
322 2722 414 2792 694.
436 2744 467 2791 e.
492 2722 585 2791 698.
608 2724 639 2790 d.
661 2723 770 2790 hiatus
790 2725 865 2811 ipsc
892 2726 1034 2817 maxone
1061 2732 1119 2795 est
1143 2730 1244 2795 otico·

155 2850 249 2897 sronr.

242 2930 313 2995 Lib
335 2928 377 2994 ll.
407 2925 642 3009 Quaestio.
666 2925 709 2992 ΙΙ.
735 2922 825 2991 630
848 2925 881 2993 d.
905 2928 964 3015 nro
984 2923 1094 3011 nisui
1115 2926 1245 3047 ιιτλτιλσμ

156 3030 254 3108 ἄλλος
275 3054 323 3107 τις
345 3032 409 3096 τῶν
430 3025 600 3115 παρόντων
621 3028 752 3094 videtur
773 3034 851 3113 post
872 3022 1006 3111 κελεύσῃ
1032 3030 1102 3097 τῶν
1128 3026 1244 3116 παρόν-

154 3157 219 3197 τοιν
240 3130 339 3206 αλλος
360 3154 407 3206 τις
429 3130 584 3215 scriptum
613 3130 727 3195 foisse.
774 3127 811 3193 C.
835 3128 891 3194 lv.
925 3127 1018 3195 631.
1040 3148 1069 3195 o·
1097 3128 1244 3219 Stepha-

154 3253 216 3299 nus
237 3232 340 3298 locum
362 3250 405 3296 ex
429 3230 580 3295 Turncbo
602 3230 652 3294 sic
674 3229 785 3295 dedit.
828 3231 887 3295 καὶ
915 3224 1073 3295 καθόλου
1101 3226 1244 3315 διπλὴν-

152 3335 312 3398 σθαιι
261 3342 331 3406 τοῖς
350 3333 468 3404 δεινοῖς
488 3327 667 3410 μαλλον,
649 3354 669 3408 η
691 3339 760 3405 τοϊς
782 3331 977 3419 φλοαροοοι,
988 3332 1243 3449 χαλεπαίνομεν.

153 3435 251 3512 δῆλον
278 3429 360 3516 γὰρ,
388 3425 439 3493 ὅτι
461 3425 543 3505 ὅλως
572 3427 679 3513 δῆγμα
700 3456 732 3496 τι
759 3436 935 3515 προσέσται
956 3428 1047 3514 αὐτῷ
1068 3433 1118 3517 τῷ
1138 3426 1243 3515 unuiu-

151 3557 248 3617 ματι,
274 3527 518 3617 λοιδόρημαδὲ,
540 3527 726 3617 ὑβριστικὸν
746 3530 972 3615 σομβαινει
936 3554 1021 3596 ειναι
1041 3532 1101 3597 καὶ
1118 3552 1244 3611 πεποιη-

151 3639 248 3717 μένον
270 3637 306 3696 ὲκ
326 3632 539 3716 παρασκευῆς.
584 3632 676 3698 Libri
705 3650 819 3698 omnes
840 3631 916 3696 Ald.
940 3630 1020 3725 llos.
1041 3630 1185 3719 XylE.
1204 3630 1245 3699 ll.

152 3732 271 3798 Venet.
297 3732 371 3797 Vnt.
398 3731 503 3798 Palat.
527 3739 640 3798 contra
669 3733 752 3799 hoec
780 3726 962 3817 praebent·
1004 3732 1063 3797 xci
1091 3730 1245 3801 ιιαθόλοιι

152 3835 439 3917 διαλέγεσθαιι
388 3842 458 3909 τοῖς
477 3832 507 3891 ll
527 3840 596 3906 νοῖς
616 3831 780 3914 μᾶλλον
762 3858 781 3911 ν
803 3843 873 3909 τοῖς
893 3831 1078 3919 φλιιοιρονσι
1088 3828 1245 3913 χαλεπαι-

151 3956 263 4021 νομεν,
287 3930 356 3991 Γ
338 3931 439 3998 οτιδ
466 3930 549 4008 ὅλως
570 3930 611 3997 τὸ
629 3935 658 3993 lt
678 3956 758 4016 ματι
779 3939 955 4021 προσέσται
983 3934 1013 3991 *i
1038 3928 1079 3999 τὸ
1106 3936 1245 4019 σκῶμμα

153 4031 330 4117 λοιδόρημα
351 4034 385 4100 δὲ
405 4031 491 4092 il
456 4055 539 4099 ειναι
559 4035 616 4099 καὶ
633 4040 843 4117 πεποιημένω
857 4032 1246 4123 monomacho-'wyl-
