2580 4514
387 122 769 208 ’φινε-

84 309 152 378 sed
175 307 288 396 optimi
306 307 382 374 libri
402 307 483 377 Ven.
500 305 642 375 Beroen.
655 310 738 396 Aog.
757 308 894 379 vindob.
910 311 995 398 Aog.
1011 312 1040 378 1.
1053 312 1178 383 ZKrs-

87 405 385 498 nonenoeane,
405 409 439 474 id
451 409 537 495 qnod
549 409 706 477 Reiskios
726 413 862 498 recepit,
883 413 1034 480 nonnulle
1055 414 1176 484 deesse

91 530 239 580 oenseos
259 509 302 576 ed
323 510 408 576 hone
429 512 644 578 sententiam:
666 509 813 600 θάτερον
832 511 853 591 ἢ
873 515 919 597 τῷ
940 521 1082 602 προτέρῳ
1094 504 1184 602 sopp

91 617 242 681 ἐναντίον
262 607 355 677 τόνδε
376 612 492 696 τιθεὶς,
516 609 537 692 ἢ
557 613 637 696 τῷδε
657 608 715 676 τὸν
736 610 901 700 πρότερον,
922 613 1053 680 ἀδικεῖν.
1084 617 1177 705 Toy-

91 715 185 781 Iorus
206 718 319 779 eontra
340 714 489 798 scripsit:
511 709 604 792 vide,
624 732 729 778 onnon
751 713 834 780 haee
854 721 968 782 nostro
988 723 1178 802 praestent:

91 809 283 896 ὡμολόγηκε
301 810 365 902 γὰρ
386 809 546 899 θάτερον,
575 815 621 896 τῷ
650 812 899 901 κροτέρῳνόμῳ
919 820 1064 883 ἐναντίον
1085 816 1178 887 τόνδε

92 914 213 994 τιθεὶς,
235 912 368 978 ἀδικεῖν.
408 913 480 980 Sed
505 908 651 979 ἐναντίον
670 915 704 980 in
725 917 844 1002 optimo
866 917 915 982 Σ.
938 922 991 984 est
1015 920 1176 987 omissum.

92 1014 340 1082 Denosthenes
360 1014 458 1099 igitur
484 1010 759 1111 ὡμολόχηκεγάρ
789 1015 935 1104 θάτερον
963 1019 1009 1102 τῷ
1036 1029 1179 1108 προτέρῳ

93 1113 184 1201 νόμῳ
202 1113 295 1181 τόνδε
315 1116 422 1191 τιθεὶς
442 1111 565 1179 ἀδικεῖν
586 1117 764 1201 scripsisse
786 1117 930 1197 ridetur,
951 1126 987 1184 ut
1007 1121 1179 1188 sententie

94 1218 157 1287 εἰει
200 1217 372 1284 confessos
394 1221 447 1281 est
469 1215 552 1281 enirn
575 1235 614 1280 se
634 1217 773 1284 niteram
794 1219 868 1291 sive
898 1218 1064 1286 diversam
1094 1221 1179 1288 hene

93 1320 142 1385 iiii
158 1312 276 1405 'priori
309 1319 374 1402 legi
408 1317 566 1383 ferentem
601 1318 676 1383 sive
702 1317 877 1384 addentem
904 1320 1024 1403 injuste
1056 1323 1179 1406 egisse.

93 1419 220 1488 Dotivo
241 1419 327 1485 enim
348 1417 561 1502 significavit:
583 1417 749 1491 diversam
769 1420 844 1491 sive
864 1421 960 1487 oliam
981 1422 1179 1506 esseiegern

96 1523 128 1588 si
147 1527 284 1608 spectes
306 1521 452 1606 priorem,
475 1518 560 1585 node
582 1518 698 1585 inotnm
720 1527 773 1586 est
795 1528 830 1586 ut
851 1519 981 1588 dativus
1003 1543 1060 1608 pro
1081 1524 1180 1610 geni·

93 1625 165 1690 tivo
187 1623 330 1707 scriptos
350 1622 405 1684 sit.
444 1619 482 1684 V.
503 1620 620 1688 Mattio.
643 1619 701 1686 Gr.
719 1641 770 1705 gr.
792 1621 827 1706 §a
841 1618 931 1687 389.
965 1623 1075 1691 Verbo
1095 1625 1194 1711 legis
1261 1686 1267 1695 ,

94 1729 172 1791 sunt
186 1724 327 1809 repetita
338 1720 427 1798 723,
441 1719 502 1786 72.
521 1722 555 1786 in
566 1723 684 1803 δεσμοῦ
701 1719 765 1800 ἢεῖ
781 1711 872 1810 m,
885 1719 959 1788 793
985 1724 1018 1790 in
1030 1724 1181 1808 δεσμοάἢ

95 1823 226 1892 etatem
238 1821 328 1906 αὐτῷ
350 1820 371 1901 ἢ
391 1821 480 1904 ἄλλῳ
500 1819 576 1906 ὑπὲρ
590 1818 724 1886 Ιἐκείνου
741 1821 905 1905 ἐγγυητάς.
922 1822 1011 1902 726,
1023 1824 1086 1893 80.
1103 1834 1180 1913 post
1205 1834 1211 1840 ’

95 1922 282 1999 κελεύοντος
291 1924 348 2006 μὲν
359 1925 419 1988 τοῦ
431 1920 534 2005 νόμον
545 1919 665 1987 τούτου
677 1928 755 1989 ante
765 1920 800 1988 ἐν
814 1925 860 2006 τῷ
873 1922 963 2008 δήμῳ
975 1923 1181 1993 καθιστάναι

96 2025 175 2103 τοὺς
201 2026 358 2108 ἐγγυητάς
387 2043 490 2110 pense
511 2030 574 2115 est.
597 2022 661 2089 81.
683 2025 802 2110 legitor
822 2014 857 2089 εὖ
879 2023 956 2090 οἵδ’.
999 2026 1108 2094 Verbo
1130 2029 1181 2095 ie-

93 2128 264 2214 gisIetoris
278 2130 467 2210 repetuntur
479 2120 571 2205 728,
593 2121 656 2190 87.
676 2125 711 2190 in
733 2122 752 2203 ἢ
775 2131 807 2191 οἱ
827 2130 979 2219 ἐγγυηταὶ
999 2132 1060 2195 toi.
1090 2130 1181 2197 idern

97 2214 245 2318 apertius
267 2227 364 2292 etiem
385 2225 576 2292 estfactum
600 2222 691 2314 730,
708 2221 770 2292 93.
790 2227 824 2293 in
845 2229 964 2310 δεσμοῦ
985 2227 1004 2308 ἢ
1027 2237 1061 2298 et
1077 2224 1182 2297 κοιτα-

97 2328 255 2410 στήσαντι
276 2323 446 2411 ἐγγυητὰς,
482 2325 543 2392 sed
565 2326 605 2391 ib.
627 2327 659 2392 in
681 2329 811 2394 verbis:
839 2335 1018 2414 γέγραπται
1038 2329 1102 2422 γὰρ
1123 2331 1182 2412 δή·

97 2455 163 2500 που
182 2438 217 2497 εν
236 2432 281 2514 τῴ
297 2425 385 2511 νόμῳ
404 2423 506 2491 αὐτοῦ
527 2432 618 2494 reete
638 2428 795 2519 offendes,
817 2430 1089 2516 praecedentibus
1102 2452 1182 2500 ver·

96 2536 172 2602 bis:
201 2530 391 2615 ’σκέψασθε
424 2525 465 2606 δὴ
498 2525 556 2594 τὸν
595 2532 699 2594 καλοῦ
739 2528 900 2613 κάγαθοῦ
932 2529 1050 2596 τούτου
1074 2532 1182 2616 ’νόμον

98 2632 144 2710 ὡς
171 2636 359 2714 λυμαίνεται
385 2629 490 2694 ταῦτα
517 2633 575 2697 καὶ
606 2632 805 2717 διαφθείρει.
858 2632 968 2697 Verbo
995 2632 1114 2716 igitur:
1148 2640 1182 2700 tn

98 2737 146 2820 τῷ
167 2730 255 2817 νόμῳ
273 2730 376 2799 αὐτοῦ
397 2727 536 2799 δεΙοοδε
557 2751 642 2823 esse
662 2749 795 2810 censeo.
823 2730 921 2820 731,
950 2726 1013 2799 98.
1046 2735 1183 2818 oonjioio

97 2835 354 2904 Demosthenem
376 2854 433 2920 pro
454 2831 498 2917 μὴ
519 2837 631 2899 ἱκαναὶ
652 2821 713 2899 ἀοι
741 2834 782 2917 τῇ
808 2830 961 2921 διοικὴρει
991 2831 1075 2900 ἀλλ’·
1097 2835 1199 2901 seri-·

99 2941 210 3027 psbse
230 2932 274 3018 μὴ
294 2923 374 3000 ἀσιν
394 2937 507 3001 ἱκαναὶ
526 2937 567 3020 τῇ
587 2931 748 3014 διοικήσει
763 2931 851 3001 ἀλλ’.
895 2936 981 3002 Nem
1002 2940 1079 3022 post
1099 2937 1183 3002 διοι-

99 3036 190 3118 κήσει
211 3042 265 3102 est
286 3057 398 3123 pauso.
441 3037 481 3103 in
502 3037 543 3102 iis
565 3036 704 3124 deniqne
723 3043 1011 3124 quoeseqoootnr:
1031 3034 1075 3119 μὴ
1087 3041 1186 3123 κυρία

100 3130 123 3225 ᾗ
143 3137 165 3217 ἡ
184 3135 285 3223 βουλὴ
305 3139 384 3219 μηδὲ
404 3135 447 3202 τά
469 3135 661 3225 δικαστήρια
679 3139 775 3216 δῆσαι
796 3157 868 3204 cunr
881 3138 1018 3205 Reiskio
1030 3137 1112 3205 fa'oio
1130 3139 1186 3226 qni

99 3260 142 3306 ex
165 3238 448 3324 Aug.1..quocum
463 3237 520 3305 Ks
537 3238 759 3318 ¹consentiunt,
781 3240 884 3305 loeum
905 3241 952 3306 ite
969 3237 1078 3304 dedit:
1098 3236 1142 3322 μὴ
1163 3227 1186 3323 ᾗ

99 3343 198 3424 κυρία
208 3341 275 3404 δεῖν
287 3335 305 3418 ἡ
318 3338 420 3423 βουλὴ
435 3341 513 3423 μηδὲ
525 3338 568 3406 τά
584 3338 783 3424 δικαστήρια.
808 3341 912 3426 Vulgo
925 3346 1002 3406 ante
1017 3324 1187 3406 Reiskium

100 3442 224 3509 editum
237 3442 323 3507 erat:
336 3439 380 3522 μὴ
392 3447 490 3529 κυρία
504 3430 525 3525 ᾖ
538 3442 616 3523 μηδὲ
631 3437 652 3518 ἡ
665 3437 767 3524 βουλὴ
780 3442 859 3522 μηδὲ
870 3439 914 3506 toi
926 3437 1119 3526 δικαστήρια
1131 3441 1188 3518 δῆ-

101 3566 160 3610 σαι
173 3542 332 3629 probante
345 3541 498 3628 Teonro.
522 3543 597 3608 Non
614 3541 758 3608 offendes
772 3539 863 3635 731,
882 3540 970 3606 roo.
987 3542 1038 3606 in:
1059 3537 1148 3625 νόμῳ
1158 3539 1187 3621 ἢ.

187 3639 243 3707 Ex
263 3643 305 3708 iis
332 3663 416 3730 quoe
442 3645 541 3712 eiiota
568 3651 645 3710 sont
669 3643 873 3727 intelligesp
896 3643 981 3708 sotis
1013 3641 1188 3728 diiigenter
1276 3630 1280 3639 “

100 3747 136 3812 io
173 3742 235 3810 heo
273 3746 420 3811 oratione
460 3746 637 3812 hinetona
670 3743 894 3811 Demosthene
928 3761 1007 3810 esse
1041 3743 1188 3830 vitatum,
1278 3756 1281 3765 ·

98 3864 239 3934 prorsus
286 3846 382 3912 oiim
420 3853 530 3915 temen
575 3845 731 3914 orationis
772 3844 1056 3913 conformationem
1096 3861 1189 3911 enm·

101 3965 167 4035 qoe
188 3947 307 4028 telem,
327 3948 363 4013 in
385 3967 449 4035 qno
469 3948 623 4034 plurimos
643 3953 680 4014 et
699 3945 1044 4031 gravissimosiriotns
1065 3943 1189 4010 odinis·
1269 3989 1274 3998 ·

101 4068 165 4117 sos
192 4048 328 4130 videos,
354 4051 387 4116 in
413 4048 455 4116 iis
476 4067 560 4134 quoe
580 4068 600 4115 o
621 4046 658 4137 s.
686 4042 896 4113 tro-mo.
919 4067 949 4132 p.
974 4041 1190 4114 too-748.
