2564 4508
705 42 712 68 i

475 133 750 200 „233-

45 330 48 339 ·
91 322 136 370 ιιι
153 302 227 369 inde
248 303 291 368 ub
312 303 458 387 Hervug.
479 304 513 369 iu
527 301 613 388 ,πρὸς
633 302 691 368 τὸν
708 299 845 380 Ἀνελλῆ
866 306 1027 369 mutarunt
1046 309 1083 370 et
1109 304 1159 372 sio

92 405 173 470 edum
197 403 342 488 Regffl.
386 401 478 492 Πρὸς
499 409 607 469 autem
628 400 723 471 reotd
742 404 771 469 h.
793 402 812 467 Ι.
841 409 895 467 est
920 422 991 468 cum
1019 412 1158 471 sucosu-

50 574 53 583 ,
90 505 146 569 tivo
165 508 330 571 semotum.
372 503 453 570 Est·
474 505 650 571 secundum
671 504 863 590 Apeliemi.
884 522 915 569 e.
930 505 1057 590 Apellis
1078 525 1159 572 oon-

89 606 160 670 o'iiis
180 605 280 671 ducti.

158 706 196 770 in
218 725 290 791 cop.
313 706 412 784 XVI,
436 704 473 772 9.
502 708 544 774 ed
565 710 687 775 verbo.
706 705 770 770 Ἡ·
767 708 834 788 μὲν
850 695 907 770 οὖν
927 698 986 771 τοῦ
1005 649 1159 773 Ἀπελλοῦ
1202 765 1206 772 .

44 858 46 867 .
89 809 216 872 καὶτῶν
236 809 307 890 περὶ
336 806 395 872 τόν
421 806 580 875 Λεόντιον
607 806 720 893 πρᾶξις
747 804 935 894 Schweigio
964 807 1046 873 ineo
1074 810 1160 875 sutis
1260 854 1263 861 ·

89 907 282 992 probabiliter
303 908 499 993 disputavit:
521 910 602 990 „Sic
623 911 719 997 piune
735 909 808 974 Vnt.
831 915 866 973 et
880 908 967 972 λλον.
989 908 1053 974 nisi
1073 908 1158 995 quod

89 1007 226 1092 ignormt
249 1010 416 1076 articulum
437 1012 712 1097 conquirente
735 1029 796 1095 quo
818 1028 897 1074 ousu
918 1008 951 1073 in
974 1015 1159 1075 contextum

44 1098 49 1171 i
89 1100 220 1174 nostrum
246 1111 395 1198 irrepsit,
425 1113 626 1198 eundemque
657 1111 734 1177 inde
755 1114 909 1194 rejectum
931 1109 1037 1175 velim.
1081 1111 1162 1177 Cum
1250 1132 1254 1145 ·

44 1278 46 1283 ,
89 1207 150 1274 Vnt
171 1226 252 1276 vero
274 1217 309 1276 et
330 1213 416 1277 Flor.
438 1215 644 1279 consentiunt
667 1214 751 1296 Aug.
773 1219 808 1276 et
830 1211 913 1294 Reg.
937 1211 979 1302 Α.
1008 1217 1160 1296 proeter-

90 1327 170 1395 quum
192 1311 276 1397 quod
298 1309 430 1392 Ἀπελλῇ
452 1314 531 1379 dent
558 1333 616 1400 pro
644 1311 820 1389 Ἀπελλοῦ,
863 1310 904 1375 de
934 1330 997 1396 qua
1023 1314 1160 1378 uberru-

44 1456 46 1461 -
90 1410 165 1476 done
190 1412 232 1476 ot.
257 1412 376 1478 tdnot
395 1415 439 1481 ud
461 1417 532 1501 dap.
557 1413 619 1502 14,
644 1412 705 1476 10.
749 1412 881 1478 Codicis
903 1411 1056 1476 Bavnrini
1079 1413 1160 1477 seri-

90 1516 200 1594 pturam
222 1508 339 1600 (quum
360 1515 457 1600 vulgo
479 1509 739 1603 τοοερειιιιιλ)ἡ
759 1501 867 1594 ndu
830 1536 888 1576 ουν
898 1508 1013 1597 περὶ
981 1534 1039 1576 τον
1047 1508 1160 1578 Απελ
1186 1540 1192 1549 ·
1230 1510 1232 1519 ’

44 1670 46 1675 .
73 1609 245 1687 7λῆιιαὶ
212 1637 270 1677 τον
291 1611 449 1680 Λεόντιον
470 1635 514 1682 ex
535 1617 656 1681 librarii
678 1615 806 1700 ingenio
829 1613 973 1699 profectu
995 1619 1066 1699 est,
1088 1632 1160 1680 oum

44 1700 46 1725 '
92 1710 115 1775 iu
132 1713 252 1798 puriter
269 1697 434 1794 Ἀπελλῆ·
425 1732 458 1782 ιιι
479 1737 538 1782 suo
561 1716 735 1802 exempinri
757 1735 816 1802 pro
835 1711 1018 1778 Ἀπελλου
1009 1717 1162 1780 invenis-

59 1854 61 1859 ·
92 1818 163 1877 eet“
204 1812 252 1880 ib
279 1813 340 1879 10.
365 1817 448 1882 bene
469 1814 607 1883 hubet‘'
591 1842 641 1882 οτι
657 1814 713 1936 piu,
735 1816 796 1883 sed
817 1815 949 1900 xviii,
973 1811 1038 1882 ὅ.
1028 1835 1062 1882 ιιι
1084 1833 1162 1881 ver-

70 1910 72 1915 ’
93 1911 185 1978 iist'
167 1914 272 1998 ακμὴν
291 1913 356 2001 γὰρ
377 1927 450 1994 ταῖς
471 1907 668 1995 διανοίαις
650 1942 733 1998 ησαν
754 1921 962 2002 portuportu
982 1917 1046 1980 τῶν
1062 1938 1161 2001 προσ·

94 2012 257 2082 πιπτόντων
288 2015 363 2103 ὑπὲρ
393 2021 452 2083 τοῦ
475 2020 637 2085 Φιλίππου
663 2022 732 2107 περὶ
761 2017 819 2096 τὴν
847 2015 1073 2103 καταφθορὰν
1103 2020 1162 2082 τοῦ

94 2111 213 2201 Θέρμου,
235 2120 292 2182 καὶ
307 2115 462 2184 καθόλου
475 2131 547 2195 ταῖς
559 2128 592 2189 ἐν
605 2120 756 2202 Αἰτωλία
766 2117 898 2204 πράξεσι
912 2122 1050 2185 reete-‚-
1060 2120 1160 2183 otien-

94 2212 133 2279 dit
143 2216 292 2302 Scaliger
312 2220 346 2284 in
368 2219 480 2286 dativo
501 2232 574 2297 ταῖς
595 2219 725 2304 πράξεσι
747 2219 913 2305 voluitque
934 2215 1163 2302 τὰς-πράξεις

93 2319 201 2402 corrigi.
246 2316 356 2385 Causa
377 2323 461 2386 enim
484 2341 566 2386 sune
588 2341 651 2386 non
673 2321 779 2405 adest,
801 2338 858 2384 cur
881 2319 1049 2384 verborum
1071 2327 1162 2384 stm-

71 2421 201 2505 Ιιλιιιιιι
216 2419 378 2509 scriptpre
397 2423 440 2486 sit
462 2427 594 2488 mutato.
625 2423 671 2486 At
692 2420 837 2508 equidem
859 2418 1008 2498 monnio,
1030 2419 1162 2485 sedsu·
1240 2494 1242 2499 ,

93 2519 249 2600 protutor
275 2521 340 2584 τῶν
366 2523 681 2604 pessundandum
708 2523 821 2588 inesse
850 2538 969 2586 censeo
997 2520 1163 2607 verboque

94 2620 376 2704 praepositionem
398 2620 508 2688 deleta
531 2626 578 2690 itu
601 2630 708 2688 struo·
729 2630 882 2705 μετέωροι
903 2607 985 2697 ἦσαν
1006 2627 1078 2695 ταις
1091 2621 1164 2685 δια-

96 2721 185 2795 νοίαις
204 2721 269 2784 τῶν
291 2720 586 2821 προσπιπτόντων-
595 2725 651 2788 ναὶ
672 2733 745 2797 ταῖς
764 2719 912 2809 πράξεσι,
943 2725 979 2784 ut
999 2721 1165 2788 sententio
1253 2708 1257 2715 ¹

88 2816 151 2883 'eit
189 2810 370 2907 Suspensi
387 2831 481 2890 erunt
509 2831 574 2890 tum
596 2825 748 2913 memoria
770 2832 804 2889 et
825 2822 1021 2911 cogitatione
1041 2828 1162 2902 eorum,

96 2935 164 3002 quoe
183 2921 365 3009 nPhitippo
386 2921 471 3015 (ὑπὸ
492 2926 578 2992 enim
600 2924 666 2991 hio
674 2944 785 2990 omues
807 2923 880 2989 iibri
900 2928 1032 2988 tuentur
1051 2929 1085 2988 et
1100 2942 1163 3008 ego

95 3036 276 3136 nequaquam
300 3041 319 3088 e
341 3044 412 3109 uonp
405 3028 479 3091 Meet
500 3025 624 3109 Soatig.
647 3044 717 3090 oum
739 3022 879 3090 Cusoub.
909 3030 955 3089 et
971 3020 1162 3108 Schweighr
1263 3080 1266 3087 .

97 3113 159 3207 ι’πλρ
178 3100 388 3215 scripserim)
397 3046 452 3190 Jde
476 3126 570 3192 clude
592 3126 813 3192 Thermiorum
834 3126 909 3191 sive
935 3123 1019 3211 quod
1047 3127 1165 3191 attinet

57 3222 63 3239 '
98 3219 131 3285 td
148 3242 214 3291 eum
236 3222 364 3290 cladem
385 3226 592 3306 oeciderunt,
613 3235 680 3293 tum
701 3228 827 3292 omnino
849 3246 956 3292 rerum
976 3225 1010 3290 in
1033 3212 1165 3292 Aetolia

99 3331 256 3405 gesturum.
303 3325 464 3392 Videntur
485 3334 591 3395 autem
614 3329 735 3396 librarii
750 3348 813 3394 nou
827 3327 965 3411 vidisse,
986 3326 1165 3410 genitivum

99 3424 150 3487 τόν
168 3425 426 3513 προσπιπτόντων
447 3430 517 3513 regi
539 3449 560 3495 o
581 3431 832 3511 ταῖςιὸιανοίαις
853 3435 888 3495 et
909 3425 986 3493 inde
1012 3433 1049 3491 dx
1069 3425 1166 3493 addi-

100 3519 182 3590 disse.
209 3526 390 3613 CanlX,
412 3526 447 3592 2.
471 3548 535 3595 non
558 3530 686 3597 offendo
708 3530 834 3617 quidem
856 3531 888 3595 iu
911 3525 1038 3596 στάδια.
1061 3524 1166 3611 ὑπαρ-

101 3640 149 3700 pn,
167 3631 269 3694 tomen
291 3633 411 3693 artetur.
436 3628 509 3694 Vnt.
534 3636 569 3696 et
582 3631 668 3696 Flor.
690 3633 843 3708 σταδίους
863 3627 1068 3695 scribendum
1089 3647 1167 3694 esse

102 3738 212 3792 oensoo.
235 3729 311 3808 ΧΧ,
335 3727 369 3792 7.
390 3750 449 3816 pro
470 3727 669 3823 ἀξιόχριοι“
653 3729 849 3820 υπολρχοντες
870 3730 1055 3816 scripserim
1079 3724 1167 3807 αξιό-

106 3840 187 3905 toton
206 3824 256 3893 ὑπ.
297 3829 383 3895 Vide
405 3850 608 3949 quaesupro
621 3826 671 3899 de
692 3833 754 3898 huo
774 3851 812 3898 re
833 3830 913 3899 dixi.
934 3829 1026 3906 XXI,
1052 3827 1144 3892 10.
1135 3848 1168 3893 ιιι

44 3978 46 3987 .
57 3920 213 3992 verbis.
228 3927 415 3995 Eueno*
399 3955 504 4008 ητονν
525 3934 632 3999 τόπων
653 3929 752 4021 φύσις
773 3931 926 4012 τοιαύτη,
949 3927 1025 4014 ὑπὲρ
1045 3917 1091 3993 ὦν
1111 3929 1169 3992 νῦν

110 4016 183 4099 ‘iii
212 4026 304 4112 λόγος
328 4030 425 4100 iilo
409 4035 485 4122 νπὲρ
511 4024 556 4100 ὧν
587 4036 646 4104 νυν
676 4031 767 4113 oo‘
751 4059 769 4100 ο
803 4031 900 4116 λόγος
927 4048 1063 4116 prorsus
1091 4036 1167 4096 suut
