2564 4508
564 128 838 193 -314-

157 304 264 364 tamen
287 296 464 361 lsocrutem
487 297 624 380 ejusque
649 294 840 382 discipulum
862 294 1109 382 Theopompum
1138 297 1247 365 imitu-

156 406 210 463 tus
233 416 310 463 esse
331 395 482 482 videtur,
510 397 596 481 quod
618 402 693 481 post
713 396 849 463 vocales
876 406 981 473 cetone
1008 416 1040 463 v.
1066 396 1156 484 llll,
1186 396 1246 484 18,

156 496 192 563 9.
213 496 342 584 XXVI,
366 496 433 586 lo,
458 496 518 561 15.
541 497 655 577 XXX,
679 495 726 586 9,
749 496 784 563 6.
807 504 841 563 et
862 499 974 562 θέλειν
994 494 1062 578 lll,
1085 496 1158 583 lo,
1183 496 1243 565 14.

158 600 205 677 V,
230 597 304 685 51,
331 598 391 663 ll.
413 601 494 675 XX,
520 596 590 685 11,
611 596 648 662 7.
678 596 735 676 12,
759 594 795 662 3.
818 603 853 664 et
874 605 953 663 ante
974 598 1113 665 vocales
1133 604 1243 687 μέχρις

156 700 239 766 dixit
261 700 309 780 V,
333 697 405 776 31,
430 699 465 763 5.
490 696 558 776 56,
581 695 618 763 a.
641 698 688 775 Χ,
715 698 785 785 lb,
806 695 843 763 4.

181 793 184 797 ’
237 800 311 867 Nou
335 819 469 884 prorsus
491 799 605 865 eudem
627 798 754 884 quidem
781 817 883 887 curu,
926 798 987 864 sed
1014 804 1125 865 tumen
1157 798 1240 865 sutis

151 920 268 986 magua
290 903 323 964 iu
349 900 410 965 hac
432 919 469 965 rc
491 900 588 965 etiam
610 899 861 964 Plutarchus
883 896 1086 985 Theopompi
1115 906 1152 966 ct
1171 899 1237 965 Po·

150 1002 232 1088 lybii
251 1002 397 1086 vestigia
419 1007 471 1066 est
492 1004 641 1079 secutus,
677 999 731 1084 qui
753 999 848 1065 modo
870 1001 1027 1066 elisiones
1047 990 1237 1085 puulo'lro-

149 1103 302 1188 quentius
330 1101 517 1167 adhibuisse
546 1105 582 1164 et
609 1101 642 1164 in
665 1103 807 1166 numeris
828 1106 859 1166 cl
884 1099 1067 1166 omninibus
1086 1098 1234 1186 propriis,

149 1202 197 1267 uti
218 1203 250 1266 in
272 1203 440 1286 particulis
471 1199 662 1288 quibusdam
685 1202 885 1267 necessariis
909 1199 946 1287 ἢ,
973 1204 1003 1265 εἰ
1024 1205 1060 1265 et
1080 1199 1234 1265 similibus

150 1308 185 1368 et
206 1303 239 1366 in
260 1302 406 1381 articulo,
429 1303 474 1366 uti
496 1302 594 1367 etium
622 1301 657 1366 in
684 1302 784 1380 locis,
828 1301 882 1366 ubi
907 1303 941 1365 in
968 1298 1109 1386 legendo
1136 1316 1233 1387 prusa

147 1402 219 1468 fieri
233 1402 342 1483 debet,
365 1405 469 1468 minus
491 1402 667 1487 diiigenter
687 1402 808 1467 hiatum
830 1401 979 1468 evitasse
992 1400 1134 1467 videtur.
1164 1400 1232 1466 Hoc

147 1512 255 1572 autem
276 1510 433 1585 certeex
453 1503 512 1583 iis,
534 1503 672 1588 quaein

512 1653 674 1755 Capite
715 1663 873 1752 quarto

424 1793 462 1841 de
487 1793 582 1841 hiatu
606 1795 640 1843 lu
663 1792 846 1842 Plutarchi
869 1793 958 1841 vitls
1043 1848 1046 1853 ¹

147 1910 217 1956 sum
239 1888 405 1967 allaturus,
428 1889 618 1973 apparebit,
640 1887 870 1969 Sintenisium,
884 1908 978 1975 quem
1000 1888 1043 1955 de
1064 1888 1227 1957 Pluumlt

146 1992 227 2057 vitis
248 1990 369 2074 optime
391 1990 538 2053 meritum
561 2007 639 2056 esse
660 1991 744 2054 satis
767 1995 924 2068 constat,
966 1990 1000 2055 in
1021 2008 1063 2061 en
1085 2008 1153 2057 non
1175 2006 1226 2057 re·

145 2097 199 2157 cte
225 2090 364 2174 egisse,
406 2089 491 2174 quod
512 2088 657 2154 codicum
679 2090 875 2177 quorundum
906 2090 1101 2159 auctoritate
1128 2095 1226 2157 motus

144 2192 299 2257 elisiones
321 2189 515 2275 plerasque,
551 2210 634 2275 qnae
651 2197 732 2256 aute
755 2211 826 2258 cum
847 2192 880 2256 in
903 2190 1064 2276 exemplis
1084 2188 1227 2275 vulgari·

142 2295 204 2358 bus
229 2291 497 2376 reperiebantur,
537 2292 677 2357 removit
698 2298 734 2357 et
755 2293 804 2359 sic
825 2292 1003 2357 Plutarcho
1030 2309 1092 2355 suo
1121 2290 1226 2377 plures

142 2393 251 2458 hiatus
282 2402 377 2476 quum
406 2392 509 2456 ceteri
537 2392 684 2459 editores
711 2393 865 2458 restitnit.
927 2390 1077 2457 Eundem
1095 2388 1227 2477 ,qudem

140 2495 299 2558 rationem
320 2493 418 2558 ctiam
442 2498 572 2558 secutus
600 2500 655 2558 est
675 2492 869 2572 Kranerus,
911 2493 965 2578 qui
1000 2492 1042 2558 ad
1073 2490 1226 2559 Phocion

142 2595 207 2659 vu.
231 2595 265 2658 in
288 2594 398 2658 Praei.
413 2592 538 2657 XXllI.
561 2600 625 2658 not.
644 2593 728 2658 haec
750 2593 791 2658 de
814 2612 856 2659 ea
876 2613 913 2658 re
935 2592 1135 2679 disputavitr
1156 2590 1227 2678 „llo

141 2698 173 2761 in
200 2696 380 2760 levissimis
402 2695 531 2779 quidem
559 2695 656 2758 rebus
670 2742 679 2774 ,
724 2696 757 2757 in
785 2694 901 2779 quibus
929 2691 1057 2777 quidem
1084 2692 1226 2767 codicum

139 2796 317 2861 auctoritas
338 2800 408 2879 est,
449 2794 608 2859 recedere
630 2815 651 2860 a
672 2795 761 2859 libris
783 2813 882 2860 ausus
902 2814 981 2858 sum.
1025 2792 1102 2857 Huc
1124 2792 1226 2861 refero

139 2899 296 2960 rationem
331 2913 425 2978 optram
450 2900 583 2959 secutus
613 2916 682 2959 sum
704 2897 739 2958 in
759 2894 959 2978 apostropho
981 2893 1056 2959 sive
1077 2891 1226 2977 ponendo

138 2999 212 3061 sive
235 3014 298 3060 non
321 2993 480 3079 ponendo,
500 2996 534 3058 in
555 3014 619 3080 qua
640 3016 677 3061 re
699 3016 762 3060 uun
784 2995 944 3079 prioribus
957 2993 1148 3077 editoribus,
1169 2990 1226 3059 scd

139 3095 304 3160 codicibus
336 3102 371 3159 et
406 3093 603 3159 editionibus
640 3097 809 3161 veteribus
846 3094 1057 3160 obediendum
1101 3094 1223 3180 putavi,

137 3200 290 3280 quantum
312 3194 442 3278 quidem
464 3194 526 3259 hoc
547 3215 566 3260 u
590 3215 640 3261 mc
662 3197 732 3261 fieri
754 3197 873 3280 putuit,
896 3196 927 3259 si
948 3195 1076 3280 quidem
1100 3216 1144 3263 ea
1164 3214 1222 3269 vu·

137 3296 238 3359 rictas
261 3314 279 3359 c
302 3294 464 3359 Parisinis
485 3301 608 3360 tantum
632 3297 807 3377 codicibus,
830 3304 867 3361 et
888 3295 1009 3361 Aldina
1030 3298 1222 3382 atqueduu·

133 3396 228 3482 tina,
272 3413 354 3479 quius
386 3395 460 3479 ipse
488 3397 624 3484 contuli,
658 3404 792 3463 enotata
823 3402 898 3474 est,
942 3397 984 3460 iis
1005 3398 1060 3481 qui
1081 3398 1221 3483 reliquos

135 3494 229 3560 codd.
253 3495 460 3560 contulerunt
479 3497 526 3561 ita
547 3497 589 3562 de
612 3498 674 3563 hac
695 3517 733 3563 rc
754 3500 955 3577 tacentibus,
996 3504 1032 3561 ut
1052 3505 1112 3563 aut
1132 3496 1220 3565 codi-
1255 3484 1258 3491 ¹

133 3613 208 3680 ces,
229 3594 314 3680 quod
336 3596 513 3662 verisimile
534 3617 598 3662 uon
620 3596 769 3683 videtur,
792 3617 863 3662 cum
884 3599 1125 3665 recentioribus
1144 3618 1221 3665 cou-

131 3696 275 3772 sentire,
297 3701 352 3760 aut
374 3698 396 3759 ii
418 3699 471 3782 qui
492 3698 697 3764 coutulerunt
717 3697 852 3782 indigna
872 3699 965 3777 haec,
985 3697 1028 3765 ud
1048 3718 1137 3784 quae
1151 3698 1219 3765 uni·

132 3816 215 3860 mum
228 3795 448 3875 attenderent,
470 3806 605 3882 putasse
627 3799 809 3864 videantur.
853 3797 963 3880 Quare
986 3798 1218 3869 editcrcsmbi·

132 3914 194 3981 que
216 3895 284 3960 lere
307 3897 353 3961 ita
374 3904 471 3963 caule
493 3900 638 3965 vitarunt
654 3900 796 3980 hiatum,
839 3901 933 3986 quasi
955 3900 1217 3971 vetamentum

132 4004 221 4061 terso
243 4002 278 4061 et
299 4002 425 4080 compto
447 3997 617 4083 Isocrate,
661 4018 756 4083 quem
783 4019 849 4067 uon
877 4002 951 4067 siue
979 4002 1133 4085 irrisione
1152 4004 1218 4089 ipat
