2580 4514
100 304 166 393 lx,
189 302 230 389 9,
253 302 318 375 oe.
346 306 500 395 petitum,
528 326 634 393 gepos
662 306 1050 375 controversiurum
1081 306 1184 391 llgu·

99 412 282 489 ratarum
323 408 426 493 ipsius
461 407 569 475 nlavii
608 408 735 475 demum
767 406 968 495 temporibus
1000 405 1188 499 invaluisse,

44 590 50 597 ι
99 526 195 591 quum
223 510 416 594 praesertim
442 508 530 595 apud
556 510 759 595 antiquiores
788 508 940 576 rhetores
967 508 1095 577 mentio
1121 508 1186 593 elue

100 615 212 673 exstet
232 609 339 695 nulla,
362 610 407 674 ita
429 615 464 674 ut
486 608 680 695 Dionysium
700 610 787 675 inter
807 609 882 675 illos
903 609 1008 677 luisse
1028 606 1186 694 suspicari

97 706 215 794 liceat,
257 711 311 795 qui
332 707 486 790 σχήματα
506 709 617 789 λέξεως
638 709 765 797 quidem
786 710 980 797 probarent,
1022 708 1089 777 sed
1109 724 1184 797 quae
1220 774 1224 779 .

98 806 253 890 σχήματα
273 811 420 887 διανοίας
440 810 603 891 dicuntur,
632 818 843 897 respuerent,
870 804 967 898 paam
993 810 1069 879 deri
1090 826 1185 895 urgu-

99 915 176 977 rent
196 929 297 997 posse
319 912 396 997 quin
416 912 530 979 verbis
550 912 686 978 mutatis
707 931 827 979 sensus
848 930 976 1000 quoque
1002 916 1184 979 mutaretur·

99 1009 139 1076 V.
162 1032 193 1096 p.
219 1009 281 1079 19.
325 1012 442 1099 Neque
463 1012 570 1097 magis
591 1011 708 1098 probo,
729 1032 815 1099 quae
835 1010 998 1081 Sohottns
1018 1012 1065 1081 de
1085 1010 1185 1099 eapite

97 1110 225 1178 decimo
247 1112 402 1201 disputat,
423 1113 505 1180 haec
525 1114 675 1179 scribens
698 1132 729 1199 p.
744 1113 883 1179 xnvn.
930 1114 1002 1205 „Ut
1023 1122 1185 1181 luceamus

98 1220 235 1279 omnem·
247 1219 283 1280 et
303 1219 551 1301 praeceptorum
572 1212 616 1281 ad
637 1214 856 1301 eloquentiam
874 1213 1186 1301 lorensemporissi·

98 1332 184 1380 mum
204 1315 422 1400 spectantium
442 1323 477 1381 et
498 1314 691 1381 elocutionis
717 1312 860 1381 indolem
889 1314 932 1383 ad
953 1314 1185 1403 Dionysiam

98 1415 262 1482 scribendi
283 1416 381 1483 etde
403 1416 588 1503 eloquentia
615 1414 783 1483 statuendi
809 1433 851 1483 ac
879 1416 1108 1503 praecipiendi
1127 1432 1185 1503 ¹re·

99 1515 220 1583 tionem
240 1516 337 1602 longe
358 1518 492 1604 propius
514 1516 675 1584 accedere
696 1536 790 1602 qnam
811 1518 953 1603 priorum
972 1522 1104 1605 septem
1130 1534 1186 1583 ce·

98 1615 199 1701 pitnm
219 1615 359 1685 indolem
380 1616 505 1684 diserte
527 1617 718 1704 promissum
739 1617 886 1683 videmus
907 1616 1022 1685 librum
1043 1618 1115 1707 sapt
1133 1638 1186 1701 pt-

97 1712 236 1805 μήσεως,
257 1738 351 1804 quem
372 1738 393 1785 o
413 1718 575 1805 Dionysio
596 1719 753 1805 scriptum
773 1718 933 1785 novimus.
975 1718 1090 1807 lpssnl
1108 1736 1187 1803 uero

98 1819 203 1883 omnis
223 1820 428 1887 tractationis
450 1821 606 1905 originem
629 1818 714 1906 quod
733 1818 862 1899 attinet,
881 1818 1060 1887 etiamnum
1074 1818 1188 1887 dubius

97 1940 139 1989 ec
159 1941 343 2007 suspensus
365 1921 505 2005 haereo,
548 1927 653 1987 utrum
680 1938 725 1987 ex
750 1920 811 2009 iis,
853 1938 938 2006 quae
964 1938 1039 2009 cup.
1066 1920 1187 1987 decim

97 2022 236 2090 subinde
258 2019 554 2109 deprehendantur,
575 2020 778 2087 formularum
800 2010 1114 2109 praeceptorumque
1132 2038 1187 2087 re-

98 2123 327 2211 petitionibus,
365 2127 399 2189 et
421 2122 640 2207 negligentius
661 2122 843 2188 enunciatis
864 2121 1019 2205 colligere
1041 2120 1187 2201 debeam,

97 2226 184 2291 illem
207 2242 334 2310 quoque
355 2222 657 2289 commentationem
685 2240 729 2287 ex
755 2222 961 2287 institutione
987 2220 1187 2287 scholastica

98 2325 303 2412 Dionysiana
331 2343 408 2390 esse
430 2324 608 2409 prolectam
637 2341 679 2388 au
706 2321 847 2407 abipso
876 2321 1008 2387 rhetore
1032 2322 1070 2389 in
1094 2340 1187 2393 usum

92 2430 262 2512 juvenum,
283 2425 398 2513 quibus
419 2425 576 2491 universa
597 2423 780 2489 rhetorices
801 2420 1186 2509 praecepta‘oretrade-

94 2535 164 2608 ret,
195 2528 361 2612 descripte
391 2525 581 2592 existimem.
627 2524 738 2591 Verba
758 2524 842 2589 enim
863 2523 924 2589 snb
945 2524 1044 2591 linem
1066 2518 1103 2611 §-
1127 2516 1185 2589 19.

96 2629 209 2697 obvie:
231 2629 337 2693 ταῦτα
358 2630 427 2714 περὶ
449 2624 492 2693 τὰ
512 2621 742 2714 φανερώτατα·
772 2629 868 2692 πλείω
894 2626 929 2692 dd
948 2623 993 2691 τὰ
1013 2620 1186 2693 ὑπολειπό-

96 2756 178 2816 μενα
199 2729 358 2809 δείξουσιν
379 2734 416 2795 αἱ
435 2733 625 2815 συνουσίαι,
648 2747 839 2814 quemqnam
860 2727 990 2795 omnino
1010 2727 1075 2795 hoe
1095 2732 1186 2795 nerto

96 2831 291 2918 significant,
312 2838 489 2917 praecepta
510 2849 539 2896 c.
565 2828 627 2894 lo.
651 2830 818 2916 proposita
840 2828 882 2895 cd
905 2848 964 2896 eos
984 2827 1187 2915 potissimum

93 2936 244 3019 juvenes,
265 2932 319 3018 qul
340 2931 545 3016 Dionysiana
566 2931 768 2997 institutione
790 2937 957 2999 uterentur
978 2928 1187 3016 pertinuisse,

96 3035 258 3122 duplicem
280 3040 388 3099 tomen
409 3032 710 3118 interpretationem
731 3032 916 3122 admittunt,
936 3050 1033 3119 quum
1054 3048 1130 3097 voc.
1149 3033 1185 3095 ct

94 3140 266 3203 συνουσίαι
288 3135 342 3201 vel
364 3133 406 3202 ad
427 3134 520 3220 ipsos
542 3138 723 3200 conventus
743 3132 818 3200 illos
839 3132 1059 3200 scholasticos
1079 3120 1184 3219 possit

94 3235 211 3303 referri
236 3234 291 3301 vel
319 3232 361 3301 ad
393 3234 553 3321 colloquia
581 3232 768 3321 familiaria,
800 3233 916 3320 quibus
936 3234 1095 3327 privatim
1115 3250 1184 3299 cum

93 3336 264 3425 discipulis
285 3342 415 3403 acturus
437 3336 498 3414 sit,
521 3335 574 3421 qui
594 3334 637 3402 de
661 3336 847 3421 praeceptis
866 3335 934 3401 illis
956 3330 1037 3425 [vel
1058 3334 1094 3400 in
1114 3334 1184 3419 ipsa

94 3438 301 3507 institutione
322 3436 530 3522 scholastica,
548 3436 604 3503 vel
625 3435 658 3501 in
681 3436 952 3504 commentatione
973 3435 1103 3521 scripta
1115 3439 1183 3501 lra-

94 3537 195 3628 dltis)
223 3535 354 3604 uberius
381 3535 513 3603 edoceri
534 3537 695 3622 cupiant“
738 3537 786 3602 At
813 3534 980 3603 scribendi
1004 3552 1114 3623 genus
1143 3529 1183 3601 ed

95 3641 332 3728 Dionysisuum
352 3637 387 3705 iu
407 3637 469 3703 hoc
489 3637 598 3724 capite
620 3639 757 3724 propius
780 3636 942 3706 accedere
966 3654 1106 3723 prorsus
1133 3633 1185 3703 est

98 3742 296 3830 negandum,
323 3743 422 3825 atquc
444 3737 497 3803 hic
518 3758 582 3804 non
604 3739 708 3825 magis
729 3737 848 3805 idonea
869 3757 970 3819 causa
990 3743 1046 3806 est
1067 3758 1126 3807 cur
1144 3737 1185 3805 de

96 3844 242 3932 pluribus
267 3839 444 3924 juvenibus
472 3840 661 3926 cogitemus.
725 3840 798 3905 lloc
824 3844 931 3905 autem
956 3846 1106 3926 apertum
1133 3844 1185 3907 est

93 3965 136 4012 ex
160 3943 272 4035 verbis
285 3940 414 4018 ultimis,
437 3940 517 4007 haec
539 3960 604 4007 non
627 3960 725 4027 posse
747 3940 788 4008 ab
803 3942 1003 4029 amicissive
1016 3940 1184 4028 discipulis

94 4064 114 4111 e
136 4042 289 4128 Dionysii
316 4041 519 4109 sermonibus
548 4041 638 4109 edita
664 4060 751 4110 esse.
799 4043 844 4109 lli
873 4042 959 4111 euim
987 4060 1186 4131 nequequam
