2564 4508
496 150 836 220 ..arr--

84 329 157 393 σίαι
177 325 338 394 delendus
358 341 438 393 esse
459 320 608 406 videtur,
628 324 665 386 ot
685 317 854 386 sentemia
869 315 931 383 silc
951 312 1007 383 die
1019 312 1180 383 (IerIclte

87 428 297 513 wenigstens
319 426 393 492 sind
416 422 500 490 noelr
521 422 616 507 ibrig
636 421 688 488 als
709 417 895 486 lidentliclre
921 415 992 514 uod·
1007 413 1181 482 Gesaudt·

88 527 240 594 sebasten
272 547 345 593 uum
367 526 513 610 Kaisar,
538 523 668 590 welche
689 542 720 586 u.
743 541 772 586 s.
793 538 828 584 x.
850 569 853 573 -
872 518 969 586 Unde
996 515 1179 605 perspicias

88 634 166 715 post
187 623 417 714 αὐτοκράτορα
438 645 574 713 pausam
595 643 701 690 csse.
728 619 768 688 G.
792 621 851 687 Xl.
872 618 964 686 8⁰5.
985 636 1015 684 c.
1042 619 1076 683 iu
1097 634 1180 683 ver·

89 728 163 792 bis:
181 753 187 759 ·
207 723 423 816 προσδραμὼν
444 724 539 813 ἀνδρὶ
559 725 779 811 πρεσβυτέρῳ,
800 725 848 793 ἔτι
868 725 958 807 νέος,
985 721 1042 786 κοιλ
1063 715 1181 796 ἄδοξος

88 825 209 910 ἐνδόξῳ
225 828 339 894 ”scribe
360 834 430 904 νέος
450 831 497 892 ἔτι
526 829 582 892 καλ
614 823 733 905 ἄδοξος
752 825 816 890 auc.
846 827 882 888 ul
908 825 956 888 dte
985 821 1027 888 ad
1055 826 1182 887 utrum·

88 949 153 1016 que
174 918 289 997 reterri
312 929 427 1014 possit.
471 925 509 993 G.
531 927 593 993 Xl.
614 923 707 994 806.
730 945 761 993 a.
783 925 816 992 in
838 924 971 992 verbisz
1009 923 1180 1007 συμβαίνει

91 1033 139 1096 ἑνὶ
158 1032 361 1116 χαρίζεσθαι
383 1032 441 1095 καὶ
462 1032 609 1107 πολλοῖς,
651 1028 684 1094 in
707 1028 808 1093 Turn.
831 1027 872 1091 V.
895 1025 1001 1109 Bong.
1026 1029 1082 1089 est
1101 1045 1181 1104 συμ·
1219 1011 1222 1016 ’

90 1134 227 1218 βαίνειν.
250 1133 323 1198 Pet.
338 1139 414 1219 post
426 1131 595 1214 συμβαίνει
616 1128 701 1194 indit
721 1133 757 1193 so
777 1132 812 1192 et
833 1128 969 1213 proteat
990 1130 1066 1210 post
1084 1128 1180 1211 χαρί·
1258 1164 1261 1169 -

90 1233 210 1312 ζεσθαι
232 1233 332 1299 babet
352 1256 396 1298 τι.
420 1231 500 1298 Ald.
524 1235 559 1296 et
582 1230 719 1314 Argent.
746 1227 917 1293 exhibent:
937 1225 1127 1311 συμβαίνειν
1146 1230 1183 1292 ἐν
1207 1231 1209 1237 ’
1270 1267 1273 1271 -

89 1333 137 1397 Ivi
156 1335 360 1418 χοιριζεσδαί
376 1359 409 1399 τε
427 1336 569 1408 πολλοῖς.
593 1327 757 1412 ,Condcio
779 1329 877 1413 igitur
898 1327 973 1392 olim
994 1328 1184 1411 συμβαίνειν

90 1435 138 1497 ἔνι
157 1434 360 1517 χαρίζεσθαί
378 1457 413 1498 τε
434 1435 565 1507 πολλοῖς
586 1429 740 1516 scrIptum
763 1430 864 1495 luisse
885 1432 906 1493 i.
930 1446 960 1494 e.
989 1425 1106 1493 simul
1125 1426 1184 1496 td

91 1533 266 1617 gloriam
287 1554 373 1601 cum
395 1535 488 1598 illis
521 1535 582 1599 ire
607 1533 715 1598 licet
742 1539 784 1598 et
812 1536 974 1617 gratum
995 1549 1040 1598 se
1063 1531 1185 1621 prae·

92 1634 192 1700 bere
211 1635 364 1729 multis.
408 1635 445 1703 0.
465 1634 544 1700 XII.
566 1633 609 1699 ad
630 1632 686 1698 lin.
704 1633 738 1698 iu
758 1650 812 1698 ex.
835 1631 979 1697 Toucbu.
1000 1633 1123 1700 vitiose
1144 1619 1185 1700 ot
1263 1679 1264 1687 ι

93 1753 152 1820 μισ
175 1725 233 1801 οὖν
254 1744 332 1802 aute
352 1738 494 1814 ἔχεσθαι
522 1737 650 1821 legitur.
695 1732 731 1800 c.
754 1733 847 1800 XIV.
869 1731 962 1800 809.
985 1752 1013 1801 c
1041 1734 1075 1802 in
1102 1754 1184 1802 ver·-

91 1833 160 1901 bist
203 1833 295 1922 ἀνδρὶ
318 1835 357 1902 οὐ
378 1839 524 1920 δυνατῷ,
561 1837 724 1924 φιλοτίμῳ
744 1835 780 1900 dd
800 1837 857 1900 καλ
878 1837 1015 1921 λαμπρῷ
1034 1833 1094 1916 τὴν
1114 1851 1186 1921 apo·

91 1933 173 2014 χὴν,
203 1937 313 2003 insere
332 1940 389 2019 pb
411 1944 487 2024 post
508 1936 612 2024 ἀνδρί.
661 1935 810 2012 Δύνατος
830 1942 939 2003 autem
965 1936 1028 2002 boc
1051 1937 1086 2002 ln
1114 1937 1185 2006 loco

93 2054 158 2102 non
191 2042 255 2103 est
285 2046 449 2124 potens,
493 2036 962 2127 quemadmoduquylauder
999 2043 1054 2104 est
1083 2038 1187 2106 iuter·

93 2143 261 2222 pretatus,
298 2140 359 2206 sed
386 2141 562 2206 idoneus
590 2138 640 2204 ad
670 2156 737 2204 res
758 2137 980 2222 gerendas.
1025 2132 1187 2204 111800.

93 2235 126 2292 d.
149 2237 291 2312 πατρίδα
311 2229 389 2313 ἐμὴν
414 2232 518 2298 verba
545 2238 665 2317 poetae
692 2237 793 2312 sunt,
836 2252 920 2319 quae
946 2228 1076 2320 πατρίδ’
1107 2236 1186 2320 ὁμὴν

93 2329 230 2395 scribes
275 2329 312 2398 C.
333 2332 442 2399 XVII.
465 2331 557 2399 814.
579 2331 611 2397 d.
634 2333 669 2399 iu
689 2331 819 2398 verbis:
847 2320 1026 2418 Φρύνιχον,
1053 2346 1209 2423 emp-¹

94 2429 151 2511 δίῳ
172 2426 349 2510 διδάξαντα
370 2430 428 2511 τὴν
449 2429 602 2511 Μιλήτου
625 2429 747 2498 ἅλωσιν
767 2450 833 2497 11011
854 2433 942 2500 male
962 2434 1036 2501 Pet.
1058 2438 1185 2504 articu-

94 2530 160 2596 lum
187 2528 245 2609 τὴν
274 2535 402 2599 omittit.
460 2533 526 2599 Est
559 2534 643 2600 euim
666 2533 783 2598 titulus
813 2531 1003 2618 tragoediae
1034 2533 1186 2614 Μιλήτου

95 2628 231 2716 ἅλυσις,
252 2633 285 2698 ln
298 2653 370 2725 ¹quo
391 2635 500 2701 hiatus
522 2635 620 2702 etlam
641 2653 705 2700 uon
728 2631 871 2698 orendil.
914 2628 1075 2714 (LXXXV.
1091 2633 1185 2705 810.

94 2751 127 2798 a.
149 2751 208 2818 pro
228 2739 321 2820 μέχρι
342 2743 420 2802 auto
439 2738 520 2802 ἐτῶν
537 2736 645 2803 scribe
666 2754 710 2802 ex
732 2754 791 2801 usu
814 2733 899 2798 elur.
918 2739 1039 2823 μέχρις.
1080 2735 1130 2802 lb.
1151 2739 1187 2806 in

96 2832 229 2899 vorbIs:
272 2832 378 2920 ἢμολρ
398 2833 614 2919 ἀναδυόμενοι
635 2835 731 2904 adrui
752 2833 811 2915 τὴν
831 2831 946 2920 πρᾶξιν
967 2832 1111 2903 διαλύειν
1130 2835 1186 2905 δυ’·
1229 2893 1241 2920 ,
1274 2916 1275 2919 ¹

94 2931 207 3021 ξουσιν
229 2934 360 3000 videtur
380 2938 558 3024 antiquitus
579 2936 639 3017 τὴν
659 2935 775 3024 πρᾶξιν
795 2933 891 3002 αὐτοὶ
906 2936 1063 3022 scriptum
1075 2938 1187 3008 fuisso

97 3031 134 3099 C.
156 3031 296 3099 XXXII.
320 3034 411 3102 825.
431 3039 463 3104 d.
498 3058 557 3125 pro
588 3036 701 3122 ὀλίγου
721 3043 799 3104 ante
819 3037 949 3116 λδίησνν
966 3036 1098 3106 videtur
1118 3037 1188 3108 ὀλί·
1231 3106 1237 3116 ,

94 3155 156 3215 μον
182 3136 336 3222 scriptum
364 3138 476 3204 fuisse.
540 3138 749 3206 Plutarchum
776 3137 862 3205 enim
887 3143 1027 3226 ubsque
1056 3138 1187 3211 dicendi
1223 3203 1227 3210 .

95 3235 223 3301 ratione
245 3257 337 3302 usum
358 3255 436 3303 esse
457 3258 557 3325 supra
578 3238 758 3306 docuimus.
999 3238 1003 3245 “
1270 3258 1272 3263 ’

160 3335 267 3423 ‚Toto
296 3338 395 3424 igitur
422 3339 484 3406 boc
511 3341 593 3405 llbro
631 3357 750 3406 novem
786 3336 1018 3426 deprehendes
1054 3345 1191 3429 gravio-

96 3453 154 3501 res
179 3436 312 3524 hiatus,
353 3458 397 3505 ex
419 3441 534 3526 quibus
555 3441 637 3508 duos
658 3460 685 3508 υ.
701 3439 770 3506 Ill.
794 3447 830 3508 et
850 3439 911 3509 ΧΙ.
941 3441 1088 3510 codicum
1114 3463 1191 3534 ope,

97 3543 230 3603 ceteros
253 3543 360 3603 autem
381 3539 569 3627 plerumque
589 3540 665 3608 aliis
685 3540 784 3608 etiam
805 3541 979 3609 decausis
1000 3544 1156 3630 corriges.

183 3637 345 3703 Libellum
375 3639 422 3706 de
449 3642 573 3730 unius
602 3642 642 3708 iu
670 3642 882 3731 republica
912 3639 1189 3729 dominatione

96 3742 133 3802 et
154 3736 245 3802 initio
267 3743 301 3803 et
322 3739 386 3806 line
408 3743 551 3809 mutilum
572 3760 651 3810 esse
671 3747 764 3809 recte
783 3743 891 3809 sensit
900 3740 1187 3828 Wyooubacoim
1269 3808 1272 3812 .

94 3837 174 3922 Nou
195 3846 289 3905 recte
309 3849 417 3908 autem
437 3842 655 3912 Kaltwasscr.
679 3842 883 3931 suspIcator,
924 3842 1002 3928 quie
1030 3841 1064 3908 io
1085 3841 1188 3910 Lam·

95 3937 190 4023 priae
211 3957 286 4026 opp.
300 3940 387 4008 Plut.
410 3944 561 4030 catalogo
581 3962 648 4011 uon
668 3948 809 4022 notetur,
831 3961 897 4011 uon
917 3960 996 4011 esse
1008 3941 1186 4010 Plutarchi

95 4037 260 4106 videntur
279 4042 365 4110 euim
385 4044 469 4113 haec
489 4044 672 4132 tramenta
691 4041 826 4127 malorirr
844 4041 890 4111 do
908 4043 1077 4130 republica
1100 4061 1187 4132 ope·
