<?xml version="1.0" encoding="UTF-8"?>
<!DOCTYPE html PUBLIC "-//W3C//DTD XHTML 1.0 Transitional//EN"
    "http://www.w3.org/TR/xhtml1/DTD/xhtml1-transitional.dtd">
<html xmlns="http://www.w3.org/1999/xhtml" xml:lang="en" lang="en">
 <head>
  <title>
</title>
<meta http-equiv="Content-Type" content="text/html;charset=utf-8" />
  <meta name='ocr-system' content='tesseract 3.04.00' />
  <meta name='ocr-capabilities' content='ocr_page ocr_carea ocr_par ocr_line ocrx_word'/>
</head>
<body>
  <div class='ocr_page' id='page_1' title='image "./dehiatuinorator01bensgoog_0420.png"; bbox 0 0 2564 4508; ppageno 0'>
   <div class='ocr_carea' id='block_1_1' title="bbox 544 76 1095 173">
    <p class='ocr_par' dir='ltr' id='par_1_1' title="bbox 544 76 1095 173">
     <span class='ocr_line' id='line_1_1' title="bbox 1085 76 1095 83; baseline 0 0"><span class='ocrx_word' id='word_1_1' title='bbox 1085 76 1095 83; x_wconf 85' lang='lat'><strong><em>.</em></strong></span> 
     </span>
     <span class='ocr_line' id='line_1_2' title="bbox 544 105 953 173; baseline 0.007 -3"><span class='ocrx_word' id='word_1_2' title='bbox 544 105 953 173; x_wconf 66' lang='lat' dir='ltr'>-m--</span> 
     </span>
    </p>
   </div>
   <div class='ocr_carea' id='block_1_2' title="bbox 140 234 1240 360">
    <p class='ocr_par' dir='ltr' id='par_1_2' title="bbox 140 234 1240 360">
     <span class='ocr_line' id='line_1_3' title="bbox 140 234 1240 360; baseline 0.002 -19"><span class='ocrx_word' id='word_1_3' title='bbox 140 291 252 341; x_wconf 77' lang='lat' dir='ltr'><strong>esse.</strong></span> <span class='ocrx_word' id='word_1_4' title='bbox 295 270 422 341; x_wconf 77' lang='lat' dir='ltr'><strong>Corace</strong></span> <span class='ocrx_word' id='word_1_5' title='bbox 458 272 598 360; x_wconf 80' lang='lat' dir='ltr'><strong>denique</strong></span> <span class='ocrx_word' id='word_1_6' title='bbox 629 273 771 359; x_wconf 84' lang='lat' dir='ltr'><strong>conjecit</strong></span> <span class='ocrx_word' id='word_1_7' title='bbox 804 272 974 357; x_wconf 72' lang='grc' dir='ltr'><strong><em>βέλτιστον</em></strong></span> <span class='ocrx_word' id='word_1_8' title='bbox 1008 267 1138 352; x_wconf 75' lang='grc' dir='ltr'><strong><em>αὑτὸν,</em></strong></span> <span class='ocrx_word' id='word_1_9' title='bbox 1179 234 1240 343; x_wconf 44' lang='lat' dir='ltr'><strong>cui*</strong></span> 
     </span>
    </p>
   </div>
   <div class='ocr_carea' id='block_1_3' title="bbox 105 372 1229 1164">
    <p class='ocr_par' dir='ltr' id='par_1_3' title="bbox 105 372 1229 1164">
     <span class='ocr_line' id='line_1_4' title="bbox 142 372 1228 461; baseline 0.003 -21"><span class='ocrx_word' id='word_1_10' title='bbox 142 372 345 441; x_wconf 85' lang='lat' dir='ltr'><strong>Schaeicrus&#39;</strong></span> <span class='ocrx_word' id='word_1_11' title='bbox 364 374 507 460; x_wconf 80' lang='lat' dir='ltr'><strong>opponit,</strong></span> <span class='ocrx_word' id='word_1_12' title='bbox 529 380 596 439; x_wconf 88' lang='lat' dir='ltr'><strong>tum</strong></span> <span class='ocrx_word' id='word_1_13' title='bbox 617 372 746 441; x_wconf 72' lang='lat' dir='ltr'><strong>arietem</strong></span> <span class='ocrx_word' id='word_1_14' title='bbox 767 374 865 439; x_wconf 79' lang='lat' dir='ltr'><strong>scribi</strong></span> <span class='ocrx_word' id='word_1_15' title='bbox 887 372 1019 441; x_wconf 80' lang='lat' dir='ltr'><strong>debere.</strong></span> <span class='ocrx_word' id='word_1_16' title='bbox 1064 372 1228 461; x_wconf 77' lang='lat' dir='ltr'><strong>Scrimiii,</strong></span> 
     </span>
     <span class='ocr_line' id='line_1_5' title="bbox 140 474 1229 562; baseline 0.004 -23"><span class='ocrx_word' id='word_1_17' title='bbox 140 474 195 539; x_wconf 83' lang='lat' dir='ltr'><strong>his</strong></span> <span class='ocrx_word' id='word_1_18' title='bbox 216 474 362 539; x_wconf 81' lang='lat' dir='ltr'><strong>omuibus</strong></span> <span class='ocrx_word' id='word_1_19' title='bbox 384 476 581 558; x_wconf 84' lang='lat' dir='ltr'><strong>conjecturis</strong></span> <span class='ocrx_word' id='word_1_20' title='bbox 602 477 723 558; x_wconf 87' lang='lat' dir='ltr'><strong>missis,</strong></span> <span class='ocrx_word' id='word_1_21' title='bbox 745 494 829 562; x_wconf 84' lang='lat' dir='ltr'><strong>quae</strong></span> <span class='ocrx_word' id='word_1_22' title='bbox 850 474 947 562; x_wconf 84' lang='lat' dir='ltr'><strong>vulga</strong></span> <span class='ocrx_word' id='word_1_23' title='bbox 958 474 1123 559; x_wconf 80' lang='lat' dir='ltr'><strong>leguntur,</strong></span> <span class='ocrx_word' id='word_1_24' title='bbox 1144 482 1229 543; x_wconf 81' lang='lat' dir='ltr'><strong>recta</strong></span> 
     </span>
     <span class='ocr_line' id='line_1_6' title="bbox 142 572 1227 645; baseline 0.006 -7"><span class='ocrx_word' id='word_1_25' title='bbox 142 573 266 640; x_wconf 83' lang='lat' dir='ltr'><strong>habere</strong></span> <span class='ocrx_word' id='word_1_26' title='bbox 287 574 448 641; x_wconf 86' lang='lat' dir='ltr'><strong>videntur.</strong></span> <span class='ocrx_word' id='word_1_27' title='bbox 491 572 667 642; x_wconf 73' lang='lat' dir='ltr'><strong>Sententia</strong></span> <span class='ocrx_word' id='word_1_28' title='bbox 688 576 771 641; x_wconf 87' lang='lat' dir='ltr'><strong>cuim</strong></span> <span class='ocrx_word' id='word_1_29' title='bbox 801 595 912 642; x_wconf 89' lang='lat' dir='ltr'><strong>eurum</strong></span> <span class='ocrx_word' id='word_1_30' title='bbox 938 581 1017 641; x_wconf 76' lang='lat' dir='ltr'><strong>cstz</strong></span> <span class='ocrx_word' id='word_1_31' title='bbox 1059 575 1227 645; x_wconf 73' lang='lat' dir='ltr'><strong>homiui·</strong></span> 
     </span>
     <span class='ocr_line' id='line_1_7' title="bbox 143 674 1227 762; baseline 0.006 -22"><span class='ocrx_word' id='word_1_32' title='bbox 143 674 245 740; x_wconf 88' lang='lat' dir='ltr'><strong>euim</strong></span> <span class='ocrx_word' id='word_1_33' title='bbox 278 675 357 741; x_wconf 84' lang='lat' dir='ltr'><strong>sibi</strong></span> <span class='ocrx_word' id='word_1_34' title='bbox 387 675 468 761; x_wconf 87' lang='lat' dir='ltr'><strong>ipsi</strong></span> <span class='ocrx_word' id='word_1_35' title='bbox 497 676 617 742; x_wconf 89' lang='lat' dir='ltr'><strong>nimis</strong></span> <span class='ocrx_word' id='word_1_36' title='bbox 646 677 883 762; x_wconf 83' lang='lat' dir='ltr'><strong>placentis,</strong></span> <span class='ocrx_word' id='word_1_37' title='bbox 928 694 1004 741; x_wconf 86' lang='lat' dir='ltr'><strong>uun</strong></span> <span class='ocrx_word' id='word_1_38' title='bbox 1037 675 1227 745; x_wconf 81' lang='lat' dir='ltr'><strong>virtutuui</strong></span> 
     </span>
     <span class='ocr_line' id='line_1_8' title="bbox 143 776 1227 864; baseline 0.004 -23"><span class='ocrx_word' id='word_1_39' title='bbox 143 777 324 842; x_wconf 83' lang='lat' dir='ltr'><strong>amantis</strong></span> <span class='ocrx_word' id='word_1_40' title='bbox 346 784 432 856; x_wconf 84' lang='lat' dir='ltr'><strong>cst,</strong></span> <span class='ocrx_word' id='word_1_41' title='bbox 454 779 652 864; x_wconf 85' lang='lat' dir='ltr'><strong>cujusque</strong></span> <span class='ocrx_word' id='word_1_42' title='bbox 673 796 833 863; x_wconf 80' lang='lat' dir='ltr'><strong>semper</strong></span> <span class='ocrx_word' id='word_1_43' title='bbox 854 781 895 842; x_wconf 89' lang='lat' dir='ltr'><strong>ut</strong></span> <span class='ocrx_word' id='word_1_44' title='bbox 915 776 1132 863; x_wconf 77' lang='lat' dir='ltr'><strong>optimum,</strong></span> <span class='ocrx_word' id='word_1_45' title='bbox 1158 776 1227 845; x_wconf 82' lang='grc' dir='ltr'><strong><em>ιΙι·</em></strong></span> 
     </span>
     <span class='ocr_line' id='line_1_9' title="bbox 105 876 1229 966; baseline 0.003 -23"><span class='ocrx_word' id='word_1_46' title='bbox 105 940 107 943; x_wconf 85' lang='grc'><strong>,</strong></span> <span class='ocrx_word' id='word_1_47' title='bbox 144 894 343 943; x_wconf 77' lang='lat' dir='ltr'><strong>cem-csse</strong></span> <span class='ocrx_word' id='word_1_48' title='bbox 366 878 475 945; x_wconf 84' lang='lat' dir='ltr'><strong>veile</strong></span> <span class='ocrx_word' id='word_1_49' title='bbox 496 879 571 944; x_wconf 89' lang='lat' dir='ltr'><strong>sivc</strong></span> <span class='ocrx_word' id='word_1_50' title='bbox 593 879 737 966; x_wconf 91' lang='lat' dir='ltr'><strong>cuique</strong></span> <span class='ocrx_word' id='word_1_51' title='bbox 758 896 802 943; x_wconf 83' lang='lat' dir='ltr'><strong>se</strong></span> <span class='ocrx_word' id='word_1_52' title='bbox 824 883 865 941; x_wconf 92' lang='lat' dir='ltr'><strong>ut</strong></span> <span class='ocrx_word' id='word_1_53' title='bbox 885 876 1076 962; x_wconf 82' lang='lat' dir='ltr'><strong>optimum</strong></span> <span class='ocrx_word' id='word_1_54' title='bbox 1097 896 1229 965; x_wconf 81' lang='lat' dir='ltr'><strong>prae-</strong></span> 
     </span>
     <span class='ocr_line' id='line_1_10' title="bbox 144 976 1227 1067; baseline 0.005 -25"><span class='ocrx_word' id='word_1_55' title='bbox 144 976 263 1043; x_wconf 80' lang='lat' dir='ltr'><strong>ferre.</strong></span> <span class='ocrx_word' id='word_1_56' title='bbox 303 977 395 1063; x_wconf 83' lang='lat' dir='ltr'><strong>Ergo</strong></span> <span class='ocrx_word' id='word_1_57' title='bbox 418 978 614 1064; x_wconf 78' lang='lat' dir='ltr'><strong>Polycrates</strong></span> <span class='ocrx_word' id='word_1_58' title='bbox 633 985 672 1045; x_wconf 84' lang='lat' dir='ltr'><strong>et</strong></span> <span class='ocrx_word' id='word_1_59' title='bbox 691 977 872 1064; x_wconf 86' lang='lat' dir='ltr'><strong>Pythocics</strong></span> <span class='ocrx_word' id='word_1_60' title='bbox 892 976 968 1043; x_wconf 84' lang='lat' dir='ltr'><strong>aliis</strong></span> <span class='ocrx_word' id='word_1_61' title='bbox 988 979 1152 1067; x_wconf 80' lang='lat' dir='ltr'><strong>exemptis</strong></span> <span class='ocrx_word' id='word_1_62' title='bbox 1170 978 1227 1047; x_wconf 81' lang='lat' dir='ltr'><strong>rie-</strong></span> 
     </span>
     <span class='ocr_line' id='line_1_11' title="bbox 144 1073 1229 1164; baseline 0.006 -23"><span class='ocrx_word' id='word_1_63' title='bbox 144 1073 225 1141; x_wconf 87' lang='lat' dir='ltr'><strong>beui</strong></span> <span class='ocrx_word' id='word_1_64' title='bbox 245 1077 302 1164; x_wconf 83' lang='lat' dir='ltr'><strong>uti,</strong></span> <span class='ocrx_word' id='word_1_65' title='bbox 323 1096 386 1144; x_wconf 91' lang='lat' dir='ltr'><strong>uec</strong></span> <span class='ocrx_word' id='word_1_66' title='bbox 407 1098 498 1145; x_wconf 89' lang='lat' dir='ltr'><strong>suam</strong></span> <span class='ocrx_word' id='word_1_67' title='bbox 521 1085 644 1145; x_wconf 87' lang='lat' dir='ltr'><strong>tautum</strong></span> <span class='ocrx_word' id='word_1_68' title='bbox 666 1080 826 1145; x_wconf 86' lang='lat' dir='ltr'><strong>rationem</strong></span> <span class='ocrx_word' id='word_1_69' title='bbox 847 1079 951 1164; x_wconf 69' lang='lat' dir='ltr'><strong>sequ.</strong></span> <span class='ocrx_word' id='word_1_70' title='bbox 995 1075 1033 1145; x_wconf 78' lang='grc'><strong>0.</strong></span> <span class='ocrx_word' id='word_1_71' title='bbox 1046 1078 1092 1145; x_wconf 87' lang='grc' dir='ltr'><strong>ΙΙ.</strong></span> <span class='ocrx_word' id='word_1_72' title='bbox 1119 1076 1229 1147; x_wconf 64' lang='grc'><strong>1088.</strong></span> 
     </span>
    </p>
   </div>
   <div class='ocr_carea' id='block_1_4' title="bbox 42 1174 1240 1265">
    <p class='ocr_par' dir='ltr' id='par_1_4' title="bbox 42 1174 1240 1265">
     <span class='ocr_line' id='line_1_12' title="bbox 42 1174 1240 1265; baseline 0.004 -23"><span class='ocrx_word' id='word_1_73' title='bbox 42 1210 47 1219; x_wconf 92' lang='grc'><strong><em>·</em></strong></span> <span class='ocrx_word' id='word_1_74' title='bbox 145 1195 177 1242; x_wconf 80' lang='lat' dir='ltr'><strong>u.</strong></span> <span class='ocrx_word' id='word_1_75' title='bbox 198 1197 275 1263; x_wconf 74' lang='lat' dir='ltr'><strong>prot</strong></span> <span class='ocrx_word' id='word_1_76' title='bbox 293 1175 424 1258; x_wconf 81' lang='grc' dir='ltr'><strong><em>Ἐζὴτει-</em></strong></span> <span class='ocrx_word' id='word_1_77' title='bbox 436 1180 471 1245; x_wconf 79' lang='grc' dir='ltr'><strong>δὲ</strong></span> <span class='ocrx_word' id='word_1_78' title='bbox 491 1182 548 1247; x_wconf 77' lang='grc' dir='ltr'><strong>καὶ</strong></span> <span class='ocrx_word' id='word_1_79' title='bbox 569 1178 628 1246; x_wconf 85' lang='grc' dir='ltr'><strong><em>τὸν</em></strong></span> <span class='ocrx_word' id='word_1_80' title='bbox 649 1178 720 1246; x_wconf 81' lang='grc' dir='ltr'><strong><em>υἱὸν</em></strong></span> <span class='ocrx_word' id='word_1_81' title='bbox 741 1180 843 1247; x_wconf 76' lang='grc' dir='ltr'><strong><em>αὐτοῦ</em></strong></span> <span class='ocrx_word' id='word_1_82' title='bbox 864 1175 989 1245; x_wconf 82' lang='grc' dir='ltr'><strong><em>ἀνελεῖν</em></strong></span> <span class='ocrx_word' id='word_1_83' title='bbox 1002 1174 1149 1265; x_wconf 74' lang='grc' dir='ltr'><strong><em>Ἄρατον</em></strong></span> <span class='ocrx_word' id='word_1_84' title='bbox 1167 1177 1240 1247; x_wconf 54' lang='lat' dir='ltr'><strong>mi</strong></span> 
     </span>
    </p>
   </div>
   <div class='ocr_carea' id='block_1_5' title="bbox 104 1277 1232 2474">
    <p class='ocr_par' dir='ltr' id='par_1_5' title="bbox 104 1277 1232 2474">
     <span class='ocr_line' id='line_1_13' title="bbox 145 1277 1231 1367; baseline 0.003 -24"><span class='ocrx_word' id='word_1_85' title='bbox 145 1277 199 1343; x_wconf 91' lang='lat' dir='ltr'><strong>lim</strong></span> <span class='ocrx_word' id='word_1_86' title='bbox 222 1280 377 1365; x_wconf 84' lang='lat' dir='ltr'><strong>scriptum</strong></span> <span class='ocrx_word' id='word_1_87' title='bbox 397 1301 477 1349; x_wconf 82' lang='lat' dir='ltr'><strong>esse</strong></span> <span class='ocrx_word' id='word_1_88' title='bbox 497 1280 555 1348; x_wconf 85' lang='grc' dir='ltr'><strong><em>τὸν</em></strong></span> <span class='ocrx_word' id='word_1_89' title='bbox 571 1281 713 1366; x_wconf 76' lang='grc' dir='ltr'><strong><em>Ἄρατον</em></strong></span> <span class='ocrx_word' id='word_1_90' title='bbox 733 1279 869 1360; x_wconf 80' lang='grc' dir='ltr'><strong><em>ἀνελεῖν,</em></strong></span> <span class='ocrx_word' id='word_1_91' title='bbox 890 1279 938 1345; x_wconf 92' lang='lat' dir='ltr'><strong>uti</strong></span> <span class='ocrx_word' id='word_1_92' title='bbox 959 1278 1059 1366; x_wconf 85' lang='lat' dir='ltr'><strong>pauiu</strong></span> <span class='ocrx_word' id='word_1_93' title='bbox 1079 1285 1158 1364; x_wconf 81' lang='lat' dir='ltr'><strong>past</strong></span> <span class='ocrx_word' id='word_1_94' title='bbox 1176 1300 1231 1367; x_wconf 80' lang='lat' dir='ltr'><strong>pru</strong></span> 
     </span>
     <span class='ocr_line' id='line_1_14' title="bbox 146 1374 1230 1471; baseline 0.005 -29"><span class='ocrx_word' id='word_1_95' title='bbox 146 1377 339 1465; x_wconf 76' lang='grc' dir='ltr'><em>Προφάντῳ</em></span> <span class='ocrx_word' id='word_1_96' title='bbox 352 1383 386 1448; x_wconf 77' lang='grc' dir='ltr'><strong>δέ</strong></span> <span class='ocrx_word' id='word_1_97' title='bbox 397 1384 443 1465; x_wconf 75' lang='grc' dir='ltr'><strong>τῷ</strong></span> <span class='ocrx_word' id='word_1_98' title='bbox 457 1382 616 1449; x_wconf 86' lang='grc' dir='ltr'><strong><em>Κλεινίου</em></strong></span> <span class='ocrx_word' id='word_1_99' title='bbox 637 1381 770 1470; x_wconf 78' lang='grc' dir='ltr'><strong><em>ἀδελφῷ</em></strong></span> <span class='ocrx_word' id='word_1_100' title='bbox 790 1387 1019 1465; x_wconf 75' lang='grc' dir='ltr'><strong><em>γεγαμημένης,</em></strong></span> <span class='ocrx_word' id='word_1_101' title='bbox 1041 1380 1089 1464; x_wconf 75' lang='grc' dir='ltr'><strong>τῷ</strong></span> <span class='ocrx_word' id='word_1_102' title='bbox 1103 1374 1230 1471; x_wconf 63' lang='grc' dir='ltr'><strong><em>ἀδελφῷ</em></strong></span> 
     </span>
     <span class='ocr_line' id='line_1_15' title="bbox 104 1476 1230 1570; baseline 0.005 -26"><span class='ocrx_word' id='word_1_103' title='bbox 104 1559 106 1562; x_wconf 17' lang='lat'>¹</span> <span class='ocrx_word' id='word_1_104' title='bbox 145 1476 321 1570; x_wconf 76' lang='grc' dir='ltr'><strong><em>Κλεινίου,</em></strong></span> <span class='ocrx_word' id='word_1_105' title='bbox 339 1484 413 1547; x_wconf 76' lang='lat' dir='ltr'><strong>‘cisi</strong></span> <span class='ocrx_word' id='word_1_106' title='bbox 433 1484 486 1549; x_wconf 89' lang='lat' dir='ltr'><strong>hic</strong></span> <span class='ocrx_word' id='word_1_107' title='bbox 505 1485 626 1550; x_wconf 85' lang='lat' dir='ltr'><strong>hiatum</strong></span> <span class='ocrx_word' id='word_1_108' title='bbox 649 1491 684 1549; x_wconf 88' lang='lat' dir='ltr'><strong>ut</strong></span> <span class='ocrx_word' id='word_1_109' title='bbox 705 1484 929 1549; x_wconf 87' lang='lat' dir='ltr'><strong>necessarium</strong></span> <span class='ocrx_word' id='word_1_110' title='bbox 948 1482 984 1547; x_wconf 89' lang='lat' dir='ltr'><strong>in</strong></span> <span class='ocrx_word' id='word_1_111' title='bbox 1004 1480 1166 1560; x_wconf 79' lang='lat' dir='ltr'><strong>eiusmodi</strong></span> <span class='ocrx_word' id='word_1_112' title='bbox 1183 1482 1230 1549; x_wconf 86' lang='lat' dir='ltr'><strong>iu-</strong></span> 
     </span>
     <span class='ocr_line' id='line_1_16' title="bbox 148 1580 1230 1667; baseline 0.007 -24"><span class='ocrx_word' id='word_1_113' title='bbox 148 1580 332 1647; x_wconf 88' lang='lat' dir='ltr'><strong>cutiuuibus</strong></span> <span class='ocrx_word' id='word_1_114' title='bbox 344 1603 506 1651; x_wconf 81' lang='lat' dir='ltr'><strong>excusare</strong></span> <span class='ocrx_word' id='word_1_115' title='bbox 522 1586 584 1652; x_wconf 90' lang='lat' dir='ltr'><strong>vis.</strong></span> <span class='ocrx_word' id='word_1_116' title='bbox 629 1584 665 1650; x_wconf 81' lang='lat' dir='ltr'>C</span> <span class='ocrx_word' id='word_1_117' title='bbox 679 1584 739 1649; x_wconf 88' lang='lat' dir='ltr'><strong>lv</strong></span> <span class='ocrx_word' id='word_1_118' title='bbox 755 1581 873 1649; x_wconf 67' lang='lat'><strong>1028.</strong></span> <span class='ocrx_word' id='word_1_119' title='bbox 891 1603 923 1649; x_wconf 90' lang='lat' dir='ltr'><strong>e.</strong></span> <span class='ocrx_word' id='word_1_120' title='bbox 938 1585 1131 1667; x_wconf 74' lang='grc' dir='ltr'><strong><em>λ’ργουειιλε</em></strong></span> <span class='ocrx_word' id='word_1_121' title='bbox 1146 1580 1230 1651; x_wconf 73' lang='grc' dir='ltr'><strong><em>οὐδέν</em></strong></span> 
     </span>
     <span class='ocr_line' id='line_1_17' title="bbox 149 1680 1228 1773; baseline 0.008 -28"><span class='ocrx_word' id='word_1_122' title='bbox 149 1680 262 1747; x_wconf 90' lang='lat' dir='ltr'><strong>vitium</strong></span> <span class='ocrx_word' id='word_1_123' title='bbox 284 1690 338 1749; x_wconf 88' lang='lat' dir='ltr'><strong>est</strong></span> <span class='ocrx_word' id='word_1_124' title='bbox 358 1686 624 1770; x_wconf 88' lang='lat' dir='ltr'><strong>typothcticum</strong></span> <span class='ocrx_word' id='word_1_125' title='bbox 615 1705 650 1750; x_wconf 82' lang='lat' dir='ltr'><strong>ru</strong></span> <span class='ocrx_word' id='word_1_126' title='bbox 665 1684 802 1770; x_wconf 85' lang='lat' dir='ltr'><strong>exempl.</strong></span> <span class='ocrx_word' id='word_1_127' title='bbox 817 1684 1228 1773; x_wconf 75' lang='grc' dir='ltr'><strong><em>Τενοεεείεεορεοέργοκ</em></strong></span> 
     </span>
     <span class='ocr_line' id='line_1_18' title="bbox 148 1776 1230 1875; baseline 0.007 -29"><span class='ocrx_word' id='word_1_128' title='bbox 148 1778 317 1846; x_wconf 44' lang='grc' dir='ltr'><strong><em>ὃεάοην</em></strong></span> <span class='ocrx_word' id='word_1_129' title='bbox 339 1782 498 1851; x_wconf 52' lang='grc' dir='ltr'><strong><em>1029Ηε</em></strong></span> <span class='ocrx_word' id='word_1_130' title='bbox 521 1806 555 1851; x_wconf 86' lang='lat' dir='ltr'><strong>ru</strong></span> <span class='ocrx_word' id='word_1_131' title='bbox 569 1786 698 1852; x_wconf 78' lang='lat' dir='ltr'><strong>verbis</strong></span> <span class='ocrx_word' id='word_1_132' title='bbox 720 1781 759 1848; x_wconf 86' lang='grc' dir='ltr'><strong>τὸ</strong></span> <span class='ocrx_word' id='word_1_133' title='bbox 782 1786 814 1849; x_wconf 79' lang='grc' dir='ltr'><strong>δὲ</strong></span> <span class='ocrx_word' id='word_1_134' title='bbox 836 1782 923 1875; x_wconf 83' lang='lat' dir='ltr'><strong>[scr.</strong></span> <span class='ocrx_word' id='word_1_135' title='bbox 937 1779 993 1875; x_wconf 63' lang='grc' dir='ltr'><strong>δ’)</strong></span> <span class='ocrx_word' id='word_1_136' title='bbox 1011 1776 1230 1873; x_wconf 65' lang='grc' dir='ltr'><strong><em>έξιυθενάφοε</em></strong></span> 
     </span>
     <span class='ocr_line' id='line_1_19' title="bbox 148 1874 1230 1976; baseline 0.009 -33"><span class='ocrx_word' id='word_1_137' title='bbox 148 1874 212 1944; x_wconf 79' lang='grc' dir='ltr'><strong>ἀπὸ</strong></span> <span class='ocrx_word' id='word_1_138' title='bbox 231 1878 453 1962; x_wconf 80' lang='grc' dir='ltr'><strong><em>κλιμάκονν’</em></strong></span> <span class='ocrx_word' id='word_1_139' title='bbox 418 1909 457 1949; x_wconf 93' lang='grc' dir='ltr'><strong>ου</strong></span> <span class='ocrx_word' id='word_1_140' title='bbox 478 1883 564 1951; x_wconf 83' lang='grc' dir='ltr'><strong><em>πάνυ</em></strong></span> <span class='ocrx_word' id='word_1_141' title='bbox 584 1883 771 1971; x_wconf 88' lang='grc' dir='ltr'><strong><em>ἀνέφικτον,</em></strong></span> <span class='ocrx_word' id='word_1_142' title='bbox 793 1906 859 1952; x_wconf 85' lang='lat' dir='ltr'><strong>uun</strong></span> <span class='ocrx_word' id='word_1_143' title='bbox 880 1885 1009 1953; x_wconf 82' lang='lat' dir='ltr'><strong>omuino</strong></span> <span class='ocrx_word' id='word_1_144' title='bbox 1022 1887 1139 1976; x_wconf 82' lang='lat' dir='ltr'><strong>probo,</strong></span> <span class='ocrx_word' id='word_1_145' title='bbox 1154 1884 1230 1975; x_wconf 59' lang='lat' dir='ltr'><strong>quui</strong></span> 
     </span>
     <span class='ocr_line' id='line_1_20' title="bbox 147 1979 1232 2055; baseline 0.007 -10"><span class='ocrx_word' id='word_1_146' title='bbox 147 1979 282 2047; x_wconf 86' lang='lat' dir='ltr'><strong>altitudo</strong></span> <span class='ocrx_word' id='word_1_147' title='bbox 304 2003 367 2049; x_wconf 90' lang='lat' dir='ltr'><strong>nou</strong></span> <span class='ocrx_word' id='word_1_148' title='bbox 389 1984 517 2051; x_wconf 88' lang='lat' dir='ltr'><strong>valde</strong></span> <span class='ocrx_word' id='word_1_149' title='bbox 508 2004 682 2053; x_wconf 79' lang='lat' dir='ltr'><strong>inaccessa</strong></span> <span class='ocrx_word' id='word_1_150' title='bbox 701 2009 723 2051; x_wconf 92' lang='lat'>1</span> <span class='ocrx_word' id='word_1_151' title='bbox 744 2007 774 2054; x_wconf 87' lang='lat' dir='ltr'><strong>e.</strong></span> <span class='ocrx_word' id='word_1_152' title='bbox 796 1986 887 2053; x_wconf 86' lang='lat' dir='ltr'><strong>nicht</strong></span> <span class='ocrx_word' id='word_1_153' title='bbox 907 1986 986 2053; x_wconf 85' lang='lat' dir='ltr'><strong>sehr</strong></span> <span class='ocrx_word' id='word_1_154' title='bbox 1007 1986 1232 2055; x_wconf 79' lang='lat' dir='ltr'><strong>uucrreicirtar</strong></span> 
     </span>
     <span class='ocr_line' id='line_1_21' title="bbox 149 2077 1229 2175; baseline 0.008 -31"><span class='ocrx_word' id='word_1_155' title='bbox 149 2077 276 2145; x_wconf 87' lang='lat' dir='ltr'><strong>dicitur.</strong></span> <span class='ocrx_word' id='word_1_156' title='bbox 320 2081 595 2170; x_wconf 82' lang='lat' dir='ltr'><strong>Exspectaverim</strong></span> <span class='ocrx_word' id='word_1_157' title='bbox 617 2088 742 2173; x_wconf 86' lang='lat' dir='ltr'><strong>potius.</strong></span> <span class='ocrx_word' id='word_1_158' title='bbox 764 2107 844 2153; x_wconf 87' lang='lat' dir='ltr'><strong>nou</strong></span> <span class='ocrx_word' id='word_1_159' title='bbox 866 2088 1042 2175; x_wconf 82' lang='lat' dir='ltr'><strong>ubique,</strong></span> <span class='ocrx_word' id='word_1_160' title='bbox 1064 2089 1141 2155; x_wconf 85' lang='lat' dir='ltr'><strong>sive</strong></span> <span class='ocrx_word' id='word_1_161' title='bbox 1160 2104 1229 2155; x_wconf 82' lang='lat' dir='ltr'><strong>uau</strong></span> 
     </span>
     <span class='ocr_line' id='line_1_22' title="bbox 148 2182 1231 2277; baseline 0.006 -29"><span class='ocrx_word' id='word_1_162' title='bbox 148 2182 196 2248; x_wconf 85' lang='lat' dir='ltr'><strong>ab</strong></span> <span class='ocrx_word' id='word_1_163' title='bbox 225 2185 329 2251; x_wconf 87' lang='lat' dir='ltr'><strong>omui</strong></span> <span class='ocrx_word' id='word_1_164' title='bbox 357 2194 500 2277; x_wconf 82' lang='lat' dir='ltr'><strong>parte,</strong></span> <span class='ocrx_word' id='word_1_165' title='bbox 543 2191 755 2276; x_wconf 82' lang='lat' dir='ltr'><strong>suspicorque</strong></span> <span class='ocrx_word' id='word_1_166' title='bbox 776 2210 835 2276; x_wconf 85' lang='lat' dir='ltr'><strong>pru</strong></span> <span class='ocrx_word' id='word_1_167' title='bbox 856 2185 943 2255; x_wconf 81' lang='grc' dir='ltr'><strong><em>πάνυ</em></strong></span> <span class='ocrx_word' id='word_1_168' title='bbox 962 2189 1123 2276; x_wconf 79' lang='lat' dir='ltr'><strong>scriptum</strong></span> <span class='ocrx_word' id='word_1_169' title='bbox 1142 2190 1231 2255; x_wconf 79' lang='lat' dir='ltr'><strong>tuisse</strong></span> 
     </span>
     <span class='ocr_line' id='line_1_23' title="bbox 149 2281 1229 2377; baseline 0.007 -30"><span class='ocrx_word' id='word_1_170' title='bbox 149 2284 224 2349; x_wconf 77' lang='grc' dir='ltr'><strong>κάν.</strong></span> <span class='ocrx_word' id='word_1_171' title='bbox 269 2281 305 2351; x_wconf 85' lang='lat' dir='ltr'><strong>C.</strong></span> <span class='ocrx_word' id='word_1_172' title='bbox 326 2291 401 2353; x_wconf 88' lang='lat' dir='ltr'><strong>XX.</strong></span> <span class='ocrx_word' id='word_1_173' title='bbox 427 2286 544 2355; x_wconf 81' lang='lat'><strong>1035.</strong></span> <span class='ocrx_word' id='word_1_174' title='bbox 565 2292 585 2358; x_wconf 83' lang='lat' dir='ltr'><strong>i.</strong></span> <span class='ocrx_word' id='word_1_175' title='bbox 606 2293 716 2358; x_wconf 85' lang='lat' dir='ltr'><strong>hiatus</strong></span> <span class='ocrx_word' id='word_1_176' title='bbox 736 2292 923 2357; x_wconf 81' lang='lat' dir='ltr'><strong>iuverbis:</strong></span> <span class='ocrx_word' id='word_1_177' title='bbox 951 2286 1016 2377; x_wconf 74' lang='grc' dir='ltr'><strong>πρὸ</strong></span> <span class='ocrx_word' id='word_1_178' title='bbox 1034 2292 1105 2357; x_wconf 65' lang='lat' dir='ltr'><strong>rur}</strong></span> <span class='ocrx_word' id='word_1_179' title='bbox 1116 2292 1229 2355; x_wconf 85' lang='grc' dir='ltr'><strong><em>καλου-</em></strong></span> 
     </span>
     <span class='ocr_line' id='line_1_24' title="bbox 147 2383 1228 2474; baseline 0.006 -26"><span class='ocrx_word' id='word_1_180' title='bbox 147 2391 246 2463; x_wconf 80' lang='grc' dir='ltr'><strong><em>μένου</em></strong></span> <span class='ocrx_word' id='word_1_181' title='bbox 268 2383 420 2474; x_wconf 74' lang='grc' dir='ltr'><strong><em>Ὀρνιάος</em></strong></span> <span class='ocrx_word' id='word_1_182' title='bbox 453 2411 518 2457; x_wconf 86' lang='lat' dir='ltr'><strong>non</strong></span> <span class='ocrx_word' id='word_1_183' title='bbox 547 2393 693 2459; x_wconf 74' lang='lat' dir='ltr'><strong>effendit.</strong></span> <span class='ocrx_word' id='word_1_184' title='bbox 749 2387 787 2458; x_wconf 77' lang='grc'><strong>0.</strong></span> <span class='ocrx_word' id='word_1_185' title='bbox 808 2394 966 2457; x_wconf 82' lang='lat' dir='ltr'><strong>XXXIV·</strong></span> <span class='ocrx_word' id='word_1_186' title='bbox 997 2388 1116 2457; x_wconf 78' lang='lat'><strong>1043.</strong></span> <span class='ocrx_word' id='word_1_187' title='bbox 1144 2411 1175 2459; x_wconf 76' lang='lat' dir='ltr'><strong>a</strong></span> <span class='ocrx_word' id='word_1_188' title='bbox 1202 2390 1228 2455; x_wconf 83' lang='lat' dir='ltr'><strong>iu</strong></span> 
     </span>
    </p>
   </div>
   <div class='ocr_carea' id='block_1_6' title="bbox 150 2588 1235 4085">
    <p class='ocr_par' dir='ltr' id='par_1_6' title="bbox 150 2588 1235 3685">
     <span class='ocr_line' id='line_1_25' title="bbox 150 2588 1229 2677; baseline 0.006 -26"><span class='ocrx_word' id='word_1_189' title='bbox 150 2588 238 2653; x_wconf 80' lang='grc' dir='ltr'><strong><em>σθαι</em></strong></span> <span class='ocrx_word' id='word_1_190' title='bbox 256 2592 313 2668; x_wconf 75' lang='grc' dir='ltr'><strong>τῆς</strong></span> <span class='ocrx_word' id='word_1_191' title='bbox 338 2592 459 2668; x_wconf 83' lang='grc' dir='ltr'><strong><em>πόλεως</em></strong></span> <span class='ocrx_word' id='word_1_192' title='bbox 484 2591 621 2658; x_wconf 81' lang='grc' dir='ltr'><strong><em>κελεύων</em></strong></span> <span class='ocrx_word' id='word_1_193' title='bbox 652 2591 729 2669; x_wconf 80' lang='grc' dir='ltr'><strong><em>τοὺς</em></strong></span> <span class='ocrx_word' id='word_1_194' title='bbox 752 2590 907 2672; x_wconf 78' lang='grc' dir='ltr'><strong><em>Ἀχαιοὺς</em></strong></span> <span class='ocrx_word' id='word_1_195' title='bbox 921 2630 939 2672; x_wconf 84' lang='lat'><strong>,·</strong></span> <span class='ocrx_word' id='word_1_196' title='bbox 973 2588 1081 2671; x_wconf 72' lang='grc' dir='ltr'><strong><em>ἐπειδὴ</em></strong></span> <span class='ocrx_word' id='word_1_197' title='bbox 1102 2590 1229 2677; x_wconf 74' lang='grc' dir='ltr'><strong><em>Ἄρατον</em></strong></span> 
     </span>
     <span class='ocr_line' id='line_1_26' title="bbox 150 2683 1229 2779; baseline 0.008 -28"><span class='ocrx_word' id='word_1_198' title='bbox 150 2683 336 2769; x_wconf 77' lang='grc' dir='ltr'><strong><em>ἀπέθανεν,</em></strong></span> <span class='ocrx_word' id='word_1_199' title='bbox 373 2693 524 2779; x_wconf 86' lang='lat' dir='ltr'><strong>displicet</strong></span> <span class='ocrx_word' id='word_1_200' title='bbox 551 2693 667 2773; x_wconf 73' lang='grc' dir='ltr'><strong><em>ἐπειδὴ.</em></strong></span> <span class='ocrx_word' id='word_1_201' title='bbox 710 2692 820 2760; x_wconf 82' lang='lat' dir='ltr'><strong>Causa</strong></span> <span class='ocrx_word' id='word_1_202' title='bbox 841 2693 927 2757; x_wconf 89' lang='lat' dir='ltr'><strong>enim</strong></span> <span class='ocrx_word' id='word_1_203' title='bbox 949 2694 1057 2777; x_wconf 84' lang='lat' dir='ltr'><strong>potius</strong></span> <span class='ocrx_word' id='word_1_204' title='bbox 1079 2700 1134 2760; x_wconf 85' lang='lat' dir='ltr'><strong>est</strong></span> <span class='ocrx_word' id='word_1_205' title='bbox 1153 2690 1229 2759; x_wconf 77' lang='lat' dir='ltr'><strong>rudt-</strong></span> 
     </span>
     <span class='ocr_line' id='line_1_27' title="bbox 151 2790 1229 2879; baseline 0.007 -27"><span class='ocrx_word' id='word_1_206' title='bbox 151 2790 275 2869; x_wconf 85' lang='lat' dir='ltr'><strong>cauda‚</strong></span> <span class='ocrx_word' id='word_1_207' title='bbox 309 2811 365 2858; x_wconf 88' lang='lat' dir='ltr'><strong>cur</strong></span> <span class='ocrx_word' id='word_1_208' title='bbox 386 2794 448 2859; x_wconf 90' lang='lat' dir='ltr'><strong>huc</strong></span> <span class='ocrx_word' id='word_1_209' title='bbox 464 2796 605 2879; x_wconf 87' lang='lat' dir='ltr'><strong>juberet.</strong></span> <span class='ocrx_word' id='word_1_210' title='bbox 649 2793 864 2861; x_wconf 81' lang='lat' dir='ltr'><strong>scribendum</strong></span> <span class='ocrx_word' id='word_1_211' title='bbox 885 2793 983 2877; x_wconf 79' lang='lat' dir='ltr'><strong>igitur</strong></span> <span class='ocrx_word' id='word_1_212' title='bbox 1004 2792 1112 2859; x_wconf 83' lang='lat' dir='ltr'><strong>fuerat</strong></span> <span class='ocrx_word' id='word_1_213' title='bbox 1132 2796 1229 2877; x_wconf 67' lang='lat' dir='ltr'><strong>aar,</strong></span> 
     </span>
     <span class='ocr_line' id='line_1_28' title="bbox 151 2891 1231 2978; baseline 0.006 -26"><span class='ocrx_word' id='word_1_214' title='bbox 151 2891 247 2974; x_wconf 90' lang='lat' dir='ltr'><strong>quia</strong></span> <span class='ocrx_word' id='word_1_215' title='bbox 275 2894 443 2978; x_wconf 89' lang='lat' dir='ltr'><strong>quidem.</strong></span> <span class='ocrx_word' id='word_1_216' title='bbox 487 2892 523 2960; x_wconf 82' lang='lat' dir='ltr'><strong>C.</strong></span> <span class='ocrx_word' id='word_1_217' title='bbox 545 2896 619 2960; x_wconf 78' lang='lat' dir='ltr'><strong>XL.</strong></span> <span class='ocrx_word' id='word_1_218' title='bbox 655 2892 768 2959; x_wconf 77' lang='lat'><strong>1046.</strong></span> <span class='ocrx_word' id='word_1_219' title='bbox 793 2914 822 2959; x_wconf 83' lang='lat' dir='ltr'><strong>a.</strong></span> <span class='ocrx_word' id='word_1_220' title='bbox 857 2893 891 2958; x_wconf 90' lang='lat' dir='ltr'><strong>iu</strong></span> <span class='ocrx_word' id='word_1_221' title='bbox 921 2893 1057 2959; x_wconf 76' lang='lat' dir='ltr'><strong>verbisa</strong></span> <span class='ocrx_word' id='word_1_222' title='bbox 1092 2892 1231 2975; x_wconf 73' lang='grc' dir='ltr'><strong><em>εξονοένι</em></strong></span> 
     </span>
     <span class='ocr_line' id='line_1_29' title="bbox 151 2986 1231 3085; baseline 0.006 -32"><span class='ocrx_word' id='word_1_223' title='bbox 151 2986 381 3059; x_wconf 78' lang='grc' dir='ltr'><strong><em>ἀνυπεύθυνον</em></strong></span> <span class='ocrx_word' id='word_1_224' title='bbox 401 2993 459 3085; x_wconf 84' lang='lat' dir='ltr'><strong>(iu</strong></span> <span class='ocrx_word' id='word_1_225' title='bbox 473 2996 596 3062; x_wconf 77' lang='lat' dir='ltr'><strong>Terrbu.</strong></span> <span class='ocrx_word' id='word_1_226' title='bbox 621 3004 674 3062; x_wconf 89' lang='lat' dir='ltr'><strong>est</strong></span> <span class='ocrx_word' id='word_1_227' title='bbox 696 2997 781 3062; x_wconf 86' lang='lat' dir='ltr'><strong>male</strong></span> <span class='ocrx_word' id='word_1_228' title='bbox 802 2988 1057 3084; x_wconf 74' lang='grc' dir='ltr'><strong><em>ἀνυπεύθυνον)</em></strong></span> <span class='ocrx_word' id='word_1_229' title='bbox 1078 2991 1231 3083; x_wconf 59' lang='lat' dir='ltr'><strong>rissam</strong></span> 
     </span>
     <span class='ocr_line' id='line_1_30' title="bbox 152 3090 1235 3184; baseline 0.009 -30"><span class='ocrx_word' id='word_1_230' title='bbox 152 3091 262 3176; x_wconf 75' lang='grc' dir='ltr'><strong><em>λαβὼν</em></strong></span> <span class='ocrx_word' id='word_1_231' title='bbox 284 3094 360 3172; x_wconf 80' lang='grc' dir='ltr'><strong><em>τοὺς</em></strong></span> <span class='ocrx_word' id='word_1_232' title='bbox 379 3098 438 3177; x_wconf 75' lang='grc' dir='ltr'><strong><em>μέν</em></strong></span> <span class='ocrx_word' id='word_1_233' title='bbox 458 3102 492 3161; x_wconf 82' lang='grc' dir='ltr'><strong><em>ἐν</em></strong></span> <span class='ocrx_word' id='word_1_234' title='bbox 513 3097 687 3179; x_wconf 76' lang='grc' dir='ltr'><strong><em>Σικυωνία</em></strong></span> <span class='ocrx_word' id='word_1_235' title='bbox 707 3097 939 3184; x_wconf 70' lang='grc' dir='ltr'><strong><em>ἐφθαρμένους</em></strong></span> <span class='ocrx_word' id='word_1_236' title='bbox 959 3090 1141 3177; x_wconf 78' lang='grc' dir='ltr'><strong><em>ἀπέκτεινε,</em></strong></span> <span class='ocrx_word' id='word_1_237' title='bbox 1167 3090 1235 3165; x_wconf 76' lang='lat' dir='ltr'><strong>rct&#39;t&#39;</strong></span> 
     </span>
     <span class='ocr_line' id='line_1_31' title="bbox 151 3188 1232 3285; baseline 0.006 -30"><span class='ocrx_word' id='word_1_238' title='bbox 151 3188 182 3255; x_wconf 80' lang='grc' dir='ltr'><strong>δ’</strong></span> <span class='ocrx_word' id='word_1_239' title='bbox 207 3199 242 3257; x_wconf 79' lang='grc' dir='ltr'><strong><em>έν</em></strong></span> <span class='ocrx_word' id='word_1_240' title='bbox 263 3193 430 3282; x_wconf 70' lang='grc' dir='ltr'><strong><em>Κορίνθῳ</em></strong></span> <span class='ocrx_word' id='word_1_241' title='bbox 451 3194 642 3285; x_wconf 79' lang='grc' dir='ltr'><strong><em>πειρώμενος</em></strong></span> <span class='ocrx_word' id='word_1_242' title='bbox 662 3194 830 3275; x_wconf 80' lang='grc' dir='ltr'><strong><em>ἀναζητεῖν</em></strong></span> <span class='ocrx_word' id='word_1_243' title='bbox 857 3197 914 3259; x_wconf 88' lang='grc' dir='ltr'><strong>καὶ</strong></span> <span class='ocrx_word' id='word_1_244' title='bbox 939 3191 1088 3273; x_wconf 80' lang='grc' dir='ltr'><strong><em>κολάζειν</em></strong></span> <span class='ocrx_word' id='word_1_245' title='bbox 1116 3194 1232 3277; x_wconf 69' lang='grc' dir='ltr'><strong><em>ἐξηγρί-</em></strong></span> 
     </span>
     <span class='ocr_line' id='line_1_32' title="bbox 152 3292 1232 3384; baseline 0.002 -28"><span class='ocrx_word' id='word_1_246' title='bbox 152 3314 222 3357; x_wconf 84' lang='grc' dir='ltr'><strong><em>αινε</em></strong></span> <span class='ocrx_word' id='word_1_247' title='bbox 243 3292 281 3358; x_wconf 87' lang='grc' dir='ltr'><strong>τὸ</strong></span> <span class='ocrx_word' id='word_1_248' title='bbox 302 3297 431 3374; x_wconf 73' lang='grc' dir='ltr'><strong><em>πλῆθος</em></strong></span> <span class='ocrx_word' id='word_1_249' title='bbox 453 3297 606 3383; x_wconf 83' lang='lat' dir='ltr'><strong>displicet</strong></span> <span class='ocrx_word' id='word_1_250' title='bbox 623 3298 865 3384; x_wconf 70' lang='grc' dir='ltr'><strong><em>ἐφθαρμένους.</em></strong></span> <span class='ocrx_word' id='word_1_251' title='bbox 909 3295 986 3361; x_wconf 86' lang='lat' dir='ltr'><strong>Nou</strong></span> <span class='ocrx_word' id='word_1_252' title='bbox 1007 3296 1094 3361; x_wconf 85' lang='lat' dir='ltr'><strong>enim</strong></span> <span class='ocrx_word' id='word_1_253' title='bbox 1105 3294 1150 3361; x_wconf 81' lang='lat' dir='ltr'><strong>de</strong></span> <span class='ocrx_word' id='word_1_254' title='bbox 1164 3312 1232 3381; x_wconf 74' lang='lat' dir='ltr'><strong>[ter-</strong></span> 
     </span>
     <span class='ocr_line' id='line_1_33' title="bbox 153 3391 1232 3485; baseline 0 -26"><span class='ocrx_word' id='word_1_255' title='bbox 153 3391 242 3474; x_wconf 84' lang='lat' dir='ltr'><strong>ditis,</strong></span> <span class='ocrx_word' id='word_1_256' title='bbox 263 3395 368 3462; x_wconf 87' lang='lat' dir='ltr'><strong>minus</strong></span> <span class='ocrx_word' id='word_1_257' title='bbox 390 3400 488 3469; x_wconf 81' lang='lat' dir='ltr'><strong>etium</strong></span> <span class='ocrx_word' id='word_1_258' title='bbox 510 3399 552 3465; x_wconf 87' lang='lat' dir='ltr'><strong>de</strong></span> <span class='ocrx_word' id='word_1_259' title='bbox 574 3397 785 3485; x_wconf 86' lang='lat' dir='ltr'><strong>pereuntibus</strong></span> <span class='ocrx_word' id='word_1_260' title='bbox 807 3397 861 3462; x_wconf 87' lang='lat' dir='ltr'><strong>hic</strong></span> <span class='ocrx_word' id='word_1_261' title='bbox 879 3404 934 3462; x_wconf 85' lang='lat' dir='ltr'><strong>est</strong></span> <span class='ocrx_word' id='word_1_262' title='bbox 949 3415 1065 3461; x_wconf 78' lang='lat' dir='ltr'><strong>sermu-</strong></span> <span class='ocrx_word' id='word_1_263' title='bbox 1098 3392 1232 3481; x_wconf 76' lang='lat' dir='ltr'><strong>Ccujitiu</strong></span> 
     </span>
     <span class='ocr_line' id='line_1_34' title="bbox 152 3494 1234 3586; baseline 0.003 -28"><span class='ocrx_word' id='word_1_264' title='bbox 152 3494 250 3579; x_wconf 85' lang='lat' dir='ltr'><strong>igitur</strong></span> <span class='ocrx_word' id='word_1_265' title='bbox 272 3499 481 3565; x_wconf 83' lang='lat' dir='ltr'><strong>Plutarchum</strong></span> <span class='ocrx_word' id='word_1_266' title='bbox 502 3507 728 3586; x_wconf 80' lang='grc' dir='ltr'><strong><em>πεφασμένους</em></strong></span> <span class='ocrx_word' id='word_1_267' title='bbox 748 3497 955 3563; x_wconf 81' lang='lat' dir='ltr'><strong>indicatos</strong></span> <span class='ocrx_word' id='word_1_268' title='bbox 976 3496 1049 3565; x_wconf 86' lang='lat' dir='ltr'><strong>sive</strong></span> <span class='ocrx_word' id='word_1_269' title='bbox 1070 3503 1234 3563; x_wconf 75' lang='lat' dir='ltr'><strong>accwtu</strong></span> 
     </span>
     <span class='ocr_line' id='line_1_35' title="bbox 152 3600 767 3685; baseline 0.003 -23"><span class='ocrx_word' id='word_1_270' title='bbox 152 3617 258 3664; x_wconf 86' lang='lat' dir='ltr'><strong>rerum</strong></span> <span class='ocrx_word' id='word_1_271' title='bbox 277 3621 434 3666; x_wconf 87' lang='lat' dir='ltr'><strong>nevarum</strong></span> <span class='ocrx_word' id='word_1_272' title='bbox 458 3600 560 3666; x_wconf 88' lang='lat' dir='ltr'><strong>studii</strong></span> <span class='ocrx_word' id='word_1_273' title='bbox 580 3601 767 3685; x_wconf 83' lang='lat' dir='ltr'><strong>scripsisse.</strong></span> 
     </span>
    </p>

    <p class='ocr_par' dir='ltr' id='par_1_7' title="bbox 152 3694 1233 4085">
     <span class='ocr_line' id='line_1_36' title="bbox 235 3694 1233 3786; baseline -0.001 -22"><span class='ocrx_word' id='word_1_274' title='bbox 235 3702 269 3764; x_wconf 94' lang='grc' dir='ltr'><strong>Ν</strong></span> <span class='ocrx_word' id='word_1_275' title='bbox 272 3703 433 3767; x_wconf 81' lang='lat' dir='ltr'><strong>umerabrs</strong></span> <span class='ocrx_word' id='word_1_276' title='bbox 454 3703 582 3786; x_wconf 86' lang='lat' dir='ltr'><strong>igitur</strong></span> <span class='ocrx_word' id='word_1_277' title='bbox 573 3722 607 3766; x_wconf 87' lang='lat' dir='ltr'>m</span> <span class='ocrx_word' id='word_1_278' title='bbox 629 3703 700 3767; x_wconf 83' lang='lat' dir='ltr'><strong>vita</strong></span> <span class='ocrx_word' id='word_1_279' title='bbox 713 3699 812 3766; x_wconf 86' lang='lat' dir='ltr'><strong>Arati</strong></span> <span class='ocrx_word' id='word_1_280' title='bbox 830 3714 971 3783; x_wconf 84' lang='lat' dir='ltr'><strong>qumque</strong></span> <span class='ocrx_word' id='word_1_281' title='bbox 981 3694 1233 3779; x_wconf 76' lang='lat' dir='ltr'><strong>gravrurcsiun</strong></span> 
     </span>
     <span class='ocr_line' id='line_1_37' title="bbox 152 3794 1233 3887; baseline -0.001 -24"><span class='ocrx_word' id='word_1_282' title='bbox 152 3804 227 3887; x_wconf 91' lang='lat' dir='ltr'><strong>tus</strong></span> <span class='ocrx_word' id='word_1_283' title='bbox 248 3819 291 3866; x_wconf 86' lang='lat' dir='ltr'><strong>ex</strong></span> <span class='ocrx_word' id='word_1_284' title='bbox 312 3803 426 3887; x_wconf 86' lang='lat' dir='ltr'><strong>quibus</strong></span> <span class='ocrx_word' id='word_1_285' title='bbox 448 3821 583 3868; x_wconf 88' lang='lat' dir='ltr'><strong>uuusc.</strong></span> <span class='ocrx_word' id='word_1_286' title='bbox 605 3801 631 3866; x_wconf 91' lang='grc' dir='ltr'><strong>Ι.</strong></span> <span class='ocrx_word' id='word_1_287' title='bbox 653 3802 805 3867; x_wconf 83' lang='lat' dir='ltr'><strong>librorum</strong></span> <span class='ocrx_word' id='word_1_288' title='bbox 826 3798 1040 3884; x_wconf 84' lang='lat' dir='ltr'><strong>auctoritate,</strong></span> <span class='ocrx_word' id='word_1_289' title='bbox 1069 3803 1141 3865; x_wconf 78' lang='lat' dir='ltr'><strong>tres</strong></span> <span class='ocrx_word' id='word_1_290' title='bbox 1168 3794 1233 3865; x_wconf 72' lang='lat' dir='ltr'><strong>etii·</strong></span> 
     </span>
     <span class='ocr_line' id='line_1_38' title="bbox 153 3901 1232 3987; baseline -0.004 -20"><span class='ocrx_word' id='word_1_291' title='bbox 153 3901 339 3980; x_wconf 86' lang='lat' dir='ltr'><strong>decausis,</strong></span> <span class='ocrx_word' id='word_1_292' title='bbox 366 3923 399 3968; x_wconf 87' lang='lat' dir='ltr'><strong>v.</strong></span> <span class='ocrx_word' id='word_1_293' title='bbox 422 3921 450 3967; x_wconf 91' lang='lat' dir='ltr'><strong>c.</strong></span> <span class='ocrx_word' id='word_1_294' title='bbox 473 3908 515 3968; x_wconf 88' lang='lat' dir='ltr'><strong>V.</strong></span> <span class='ocrx_word' id='word_1_295' title='bbox 536 3905 694 3967; x_wconf 83' lang='lat' dir='ltr'><strong>XXXIV·</strong></span> <span class='ocrx_word' id='word_1_296' title='bbox 717 3907 752 3966; x_wconf 91' lang='lat' dir='ltr'><strong>et</strong></span> <span class='ocrx_word' id='word_1_297' title='bbox 773 3904 861 3987; x_wconf 68' lang='lat' dir='ltr'><strong>xlc,</strong></span> <span class='ocrx_word' id='word_1_298' title='bbox 882 3904 917 3965; x_wconf 85' lang='lat' dir='ltr'><strong>et</strong></span> <span class='ocrx_word' id='word_1_299' title='bbox 938 3918 1023 3964; x_wconf 89' lang='lat' dir='ltr'><strong>uuus</strong></span> <span class='ocrx_word' id='word_1_300' title='bbox 1043 3917 1074 3965; x_wconf 93' lang='lat' dir='ltr'><strong>c.</strong></span> <span class='ocrx_word' id='word_1_301' title='bbox 1096 3902 1140 3965; x_wconf 92' lang='lat'><strong>11.</strong></span> <span class='ocrx_word' id='word_1_302' title='bbox 1162 3910 1232 3987; x_wconf 68' lang='lat' dir='ltr'><strong>pn*</strong></span> 
     </span>
     <span class='ocr_line' id='line_1_39' title="bbox 153 3997 1227 4085; baseline -0.001 -19"><span class='ocrx_word' id='word_1_303' title='bbox 153 4007 228 4085; x_wconf 84' lang='lat' dir='ltr'><strong>pter</strong></span> <span class='ocrx_word' id='word_1_304' title='bbox 249 4002 408 4070; x_wconf 83' lang='lat' dir='ltr'><strong>vocalium</strong></span> <span class='ocrx_word' id='word_1_305' title='bbox 430 4022 620 4070; x_wconf 85' lang='lat' dir='ltr'><strong>concursum</strong></span> <span class='ocrx_word' id='word_1_306' title='bbox 644 4000 815 4067; x_wconf 84' lang='lat' dir='ltr'><strong>videbatur</strong></span> <span class='ocrx_word' id='word_1_307' title='bbox 836 3997 1013 4067; x_wconf 81' lang='lat' dir='ltr'><strong>tollendus.</strong></span> <span class='ocrx_word' id='word_1_308' title='bbox 1085 4046 1089 4051; x_wconf 92' lang='lat'>-</span> <span class='ocrx_word' id='word_1_309' title='bbox 1224 4036 1227 4043; x_wconf 95' lang='lat'>·</span> 
     </span>
    </p>
   </div>
   <div class='ocr_carea' id='block_1_7' title="bbox 1263 1984 1275 2525">
    <p class='ocr_par' dir='ltr' id='par_1_8' title="bbox 1261 1970 1275 2525">
     <span class='ocr_line' id='line_1_40' title="bbox 1263 1984 1275 2525; baseline 0 -240"><span class='ocrx_word' id='word_1_310' title='bbox 1263 1984 1275 2525; x_wconf 53' lang='lat' dir='ltr'>f</span> 
     </span>
    </p>
   </div>
   <div class='ocr_carea' id='block_1_8' title="bbox 149 2487 1275 2578">
    <p class='ocr_par' dir='ltr' id='par_1_9' title="bbox 149 2487 1275 2578">
     <span class='ocr_line' id='line_1_41' title="bbox 149 2487 1275 2578; baseline 0.006 -29"><span class='ocrx_word' id='word_1_311' title='bbox 149 2487 279 2553; x_wconf 83' lang='lat' dir='ltr'><strong>verbis:</strong></span> <span class='ocrx_word' id='word_1_312' title='bbox 317 2493 471 2575; x_wconf 76' lang='grc' dir='ltr'><strong><em>Διογένης</em></strong></span> <span class='ocrx_word' id='word_1_313' title='bbox 492 2496 633 2578; x_wconf 82' lang='grc' dir='ltr'><strong><em>έκεμφεν</em></strong></span> <span class='ocrx_word' id='word_1_314' title='bbox 654 2491 824 2570; x_wconf 76' lang='grc' dir='ltr'><strong><em>επιστολὴν</em></strong></span> <span class='ocrx_word' id='word_1_315' title='bbox 843 2496 888 2568; x_wconf 78' lang='grc' dir='ltr'><strong><em>εἰς</em></strong></span> <span class='ocrx_word' id='word_1_316' title='bbox 908 2489 1092 2576; x_wconf 79' lang='grc' dir='ltr'><strong><em>Κόρινθον</em></strong></span> <span class='ocrx_word' id='word_1_317' title='bbox 1110 2490 1228 2571; x_wconf 50' lang='lat' dir='ltr'><strong>&amp;luru-</strong></span> <span class='ocrx_word' id='word_1_318' title='bbox 1273 2524 1275 2543; x_wconf 65' lang='grc' dir='ltr'><strong><em>ι</em></strong></span> 
     </span>
    </p>
   </div>
   <div class='ocr_carea' id='block_1_9' title="bbox 1155 2538 1275 3059">
    <p class='ocr_par' dir='ltr' id='par_1_10' title="bbox 1155 2538 1275 3059">
     <span class='ocr_line' id='line_1_42' title="bbox 1155 2538 1275 3059; baseline 0 0"><span class='ocrx_word' id='word_1_319' title='bbox 1155 2538 1275 3059; x_wconf 75' lang='grc' dir='ltr'><strong>’λ</strong></span> 
     </span>
    </p>
   </div>
   <div class='ocr_carea' id='block_1_10' title="bbox 0 0 1296 4508">
    <p class='ocr_par' dir='ltr' id='par_1_11' title="bbox 0 0 1296 4508">
     <span class='ocr_line' id='line_1_43' title="bbox 0 0 1296 4508; baseline 0 0"><span class='ocrx_word' id='word_1_320' title='bbox 0 0 1296 4508; x_wconf 95' lang='lat' dir='ltr'><strong> </strong></span> 
     </span>
    </p>
   </div>
  </div>
 </body>
</html>
