2580 4514
483 114 765 218 f-sn-

70 291 252 360 reierntnr.
301 287 376 373 Ego
404 287 442 360 τὸ
470 287 681 375 doripetron
711 309 770 370 usn
797 287 881 355 sotis
908 292 985 357 noto
1015 286 1164 373 seriptum
1214 342 1217 355 .

72 393 185 460 fuisse
207 409 338 456 censeo.
382 388 416 455 C.
438 389 529 455 LIII.
553 387 644 454 785.
667 409 693 456 ο
724 391 757 455 ἰν
785 388 914 456 verbis:
942 385 1085 453 Ἀσινιον
1112 387 1164 469 μίν

73 481 136 558 οὖν
157 496 222 578 ἔφη
244 487 382 564 δυνατὸς
402 488 485 554 εἶναι
507 491 666 579 Σικελίας
687 491 853 573 ἐκβαλεῖν,
888 487 988 566 ἄλλης
1009 489 1043 554 dd
1060 487 1168 568 μειζοι

72 613 134 668 νος
152 597 362 674 ἐπερχομένης
383 588 546 672 δυνάμεως
566 587 605 654 οὐ
626 587 809 674 βούλεσθαι
831 587 890 669 τὴν
909 591 1009 668 νῆσον
1029 594 1065 653 ἐν
1076 589 1168 652 πολέ-

71 715 127 781 μρν
148 689 356 767 ἀπολέσθαι,
397 701 516 777 χωρεῖν
537 692 570 755 dd
591 687 670 775 πρὸς
689 687 728 753 τὸ
750 693 893 778 κρατοῦν
913 692 969 758 καὶ
999 687 1169 768 σώζεσθαι

72 799 273 877 παραινέσας
303 801 373 866 τοῖς
402 791 648 875 Συρακουσίοις
677 789 853 869 ἐξέπλευσεν
927 788 1083 856 Reiskius
1113 793 1168 852 aut

73 893 352 979 praepositionem
374 898 452 956 ante
472 893 600 973 πολέμῳ
622 890 804 968 delendam
817 904 897 955 esse
919 894 1050 967 censet,
1071 906 1167 972 qnam

73 993 175 1059 etiam
198 990 324 1058 Comes
346 1010 465 1057 revera
486 992 658 1057 asteriscis
679 991 806 1057 notavit
827 984 1029 1075 improbante
1041 986 1167 1053 Schne-

72 1092 162 1172 fero,
184 1098 239 1157 aut
260 1091 432 1175 legendum
453 1092 599 1178 ἐμφυλίῳ
619 1093 757 1172 πολέμῳ.
798 1091 890 1155 Junt.
912 1096 948 1155 et
970 1086 1059 1154 Crat:
1082 1087 1164 1152 ἀπο·
1212 1148 1215 1152 ,

72 1194 212 1258 θέσθαι
233 1212 291 1278 pro
313 1189 501 1256 ἀπολέσθαι
532 1191 713 1276 praebent,
756 1191 803 1254 uti
832 1189 991 1254 Reiskius
1021 1190 1119 1254 etiem
1146 1204 1166 1252 e

73 1293 167 1359 dunt.
195 1298 404 1378 ἐπερχομένης
432 1311 490 1376 pro
520 1291 653 1374 vulgato
680 1287 893 1374 ὑπερχομένης
918 1288 1052 1374 recepit.
1110 1287 1165 1352 Me

74 1413 133 1459 cur
155 1392 313 1458 Reiskius
334 1392 367 1456 in
388 1391 468 1456 illis:
491 1398 525 1456 ἐν
545 1394 672 1474 πολέμῳ
693 1387 881 1455 ἀπολέσθαι
903 1389 1090 1464 offenderit,
1113 1386 1165 1453 Ia·
1230 1400 1235 1407 '

71 1499 139 1573 tet,
158 1493 279 1559 hiatum
300 1499 408 1557 antem
432 1490 651 1571 defenderim,
673 1492 748 1575 qnia
770 1490 965 1554 Plutarchus
987 1489 1039 1554 hio
1061 1485 1166 1554 Coto·
1262 1510 1266 1515 ·

70 1594 126 1660 nis
147 1593 249 1659 refert
269 1597 459 1659 sermonem.
482 1594 577 1679 ¹Non
599 1592 704 1656 minus
725 1610 753 1655 e.
774 1589 862 1655 LIV.
887 1588 977 1655 785.
990 1590 1010 1654 f.
1027 1590 1060 1655 in
1073 1609 1163 1656 νοτ·

71 1693 142 1760 bis:
163 1689 250 1757 ἀλλά
270 1695 326 1757 καὶ
348 1694 475 1774 λέγεται
496 1691 574 1776 πρός
594 1708 674 1756 τινα
689 1687 798 1772 μοὶχην
818 1687 879 1779 πρὸ
899 1692 959 1754 τοῦ
970 1691 1163 1774 Δυρραχίου

70 1790 178 1858 αὐτοῦ
198 1815 232 1855 τε
253 1793 430 1872 Πομπηΐου
450 1791 679 1877 παρορμῶντος
697 1789 757 1868 ’τὴν
777 1788 914 1872 δύναμιν
934 1812 964 1854 κ.
984 1814 1014 1854 τ.
1038 1791 1064 1854 λ
1087 1789 1162 1854 hia-

70 1899 141 1958 tum
171 1894 247 1976 post
273 1894 464 1974 Δυρραχιου
492 1909 597 1976 pauso
625 1891 845 1972 excusandum
874 1909 953 1956 esse
981 1889 1072 1955 duco.
1122 1884 1161 1955 0.

69 1991 162 2058 LVI.
187 1986 278 2055 787.
300 2010 321 2056 a
341 1990 512 2056 mutandus
534 1992 676 2058 fortasse
698 1998 752 2058 est
774 1991 853 2058 ordo
875 1993 1065 2057 verborum:
1094 1984 1157 2073 ἀφ’

68 2082 247 2177 ἧςὴμέρας
266 2088 325 2168 τὴν
350 2090 437 2156 κατά
465 2089 644 2176 Φάρσαλον
669 2095 750 2174 ἔγνω
780 2088 882 2170 ἧτταν
911 2098 945 2157 et
973 2095 1055 2174 ἐγνω
1084 2084 1171 2175 post¹

10 2234 29 2255 .
65 2189 172 2272 ἧτταν
194 2191 420 2256 collocandum.
464 2189 502 2257 C.
525 2191 628 2256 LXX.
654 2188 744 2256 793.
767 2212 795 2258 e.
816 2194 849 2257 in
871 2193 932 2272 iis,v
949 2212 1034 2278 quoe
1057 2191 1162 2256 Butos

68 2293 254 2371 nuntiavit,
285 2293 453 2376 legunturz
475 2290 639 2374 Κράσσον
663 2292 697 2354 dt
724 2294 897 2356 λείπεσθαι
921 2289 973 2357 ὑπ’
1000 2290 1160 2368 ἀσχολιλτς

67 2391 183 2472 τινὸς,
215 2411 308 2478 nune
337 2413 376 2458 eo
405 2390 491 2479 ipso
513 2392 556 2457 de
593 2409 713 2478 conso,
755 2391 830 2476 qnia
863 2390 1086 2457 spiritaiem
1122 2395 1159 2454 ut

67 2495 179 2561 Butae
199 2493 304 2560 verbo
325 2492 533 2580 referuntur,
576 2511 640 2556 non
661 2493 874 2579 mutaverim,
916 2489 976 2556 sed
999 2488 1156 2554 LXXIII.

68 2591 164 2661 794.
187 2593 218 2658 d.
239 2613 309 2680 ‚pro
336 2589 368 2658 Ὁ
398 2589 427 2656 d'
456 2591 527 2668 υἱὸς
554 2589 657 2656 αὐτοῦ
686 2589 750 2656 ὑπὸ
771 2590 955 2674 ΪΚαίσαρος
977 2592 1035 2672 μέν
1063 2585 1158 2653 οὐδὲν

68 2693 235 2774 ἠδικήθη·
279 2696 406 2776 λέγεται
429 2693 462 2757 δέ
482 2688 639 2774 ῥᾴθυμος
659 2693 819 2774 γενέσθαι
846 2691 1041 2773 conjecerim
1068 2688 1156 2755 anti-

67 2795 178 2882 quitus
196 2795 256 2876 μέν
276 2799 351 2878 post
373 2789 476 2857 αὐτοῦ
497 2793 599 2856 fuisse
620 2793 821 2858 collocatum.
1159 2830 1162 2835 -

152 2894 191 2960 In
212 2893 389 2960 Phocionis
409 2893 480 2959 vite
502 2893 598 2977 igitur
619 2899 755 2983 quotuor
776 2889 826 2985 (e.
842 2893 940 2958 XVI.
959 2890 1069 2957 XVII.
1081 2889 1155 2955 XX.

65 3001 102 3062 et
111 2990 276 3082 XXXII.)
300 3001 334 3059 et
350 2996 382 3058 in
398 2991 531 3060 Catonis
553 2997 686 3072 minoris
708 2993 821 3060 decem
843 2994 950 3059 hiatus
973 2999 1007 3058 et
1024 2991 1165 3077 quidem-

66 3097 132 3164 duo
159 3094 303 3161 codicum
331 3096 526 3161 auctoritate
553 3091 617 3185 (of.
648 3095 706 3160 vl.
738 3102 774 3160 et
799 3091 981 3183 XXXII),
1019 3097 1156 3178 quotuor

65 3197 141 3263 aliis
163 3193 337 3261 decausis
359 3193 422 3283 (of.
445 3215 473 3260 o.
497 3200 555 3260 111.
576 3199 667 3261 XVI
689 3199 831 3260 XXVII.
848 3202 884 3261 et
892 3189 1003 3284 XLI)
1026 3201 1058 3259 et
1071 3211 1155 3279 qoo-

66 3304 142 3362 tuor
163 3294 266 3359 solius
279 3295 384 3359 hiatus
400 3314 510 3374 causa,
532 3296 675 3362 volutio.
691 3301 749 3360 IX.
762 3299 821 3362 XI.
838 3300 926 3363 LVI.
942 3302 977 3361 et
988 3296 1156 3384 LXXIII

65 3396 261 3464 videbantur
282 3413 360 3468 esse
381 3396 527 3461 tollendi.
578 3440 581 3445 -
624 3428 626 3435 ·
739 3422 743 3427 ·
1165 3468 1167 3473 ‚

80 3518 84 3525 ·
149 3496 189 3560 In
210 3495 449 3581 vitoAgidis
471 3515 498 3561 ο.
512 3500 570 3560 ΙΙΙ.
583 3494 675 3561 800.
688 3497 747 3562 d.
738 3497 923 3563 συστολα-
923 3442 1154 3576 Καλσυμένου

63 3599 98 3662 δέ
118 3584 199 3678 πρὸς
220 3593 278 3672 τὴν
299 3596 391 3672 donno
418 3593 521 3660 αυτοῦ
549 3599 606 3660 καὶ
635 3596 679 3678 μὴ
705 3596 987 3680 καταβαίνοντος,
1030 3601 1158 3661 ἐκείνου
1185 3609 1191 3615 ’

61 3691 354 3782 ἀποψηφισάμενοι
376 3693 434 3773 τὴν
454 3696 624 3780 βασιλείαν
643 3720 689 3780 τῳ
676 3695 931 3781 Κλεομβρότῳ
953 3699 1150 3780 παρέδωκαν·
1188 3710 1193 3716 ’

61 3796 162 3881 vulgo
184 3802 261 3881 post
282 3800 405 3860 ἐκείνου
426 3798 667 3881 interpungont
708 3797 786 3865 Sed.
800 3798 1020 3863 mihitnrr'roo
1033 3838 1037 3843 -
1049 3813 1154 3882 prae*

62 3897 206 3964 cedente
226 3896 339 3962 αὐτοῦ.
351 3897 545 3983 superfluum
566 3903 601 3963 et
623 3915 664 3963 eo
685 3897 731 3966 de·
749 3916 849 3964 conso
871 3895 1043 3968 delendum
1073 3912 1154 3968 esee

60 3996 204 4065 videtur.
