2580 4514
407 103 903 218 '‘4²54'..

59 290 205 374 possunt
222 284 300 352 tulli.
322 283 374 349 lta
387 303 414 348 ο.
424 283 481 348 Ν.
495 291 565 371 (ap.
578 285 672 350 Hutt.
683 284 738 365 V.)
750 281 813 350 ὄλ.
823 304 854 352 ιι.
863 285 896 350 in
905 284 1034 351 verbis:
1050 280 1153 361 οὕτως

60 387 82 467 ἡ
95 390 253 453 κολακεία
265 387 305 469 τῇ
317 387 413 471 φιλία
426 389 470 460 εἰς
486 388 551 450 πάν
563 383 676 460 πάθος
690 389 747 451 καὶ
759 389 825 452 πάν
842 393 962 468 κίνημα
975 388 1033 450 καὶ
1040 390 1155 468 χρείαν

59 493 121 555 καὶ
137 485 318 565 συνήθειαν
332 483 449 563 ἑαυτὴν
466 483 713 567 ἀναμιγνύουσα
733 484 952 574 δυσχώριστός
972 492 1074 551 ἐστιν.
1092 504 1155 550 ve-
1281 526 1283 533 ·

55 612 133 656 sum
150 589 273 654 habent
289 587 363 650 Ald.
386 593 421 650 et
435 585 514 650 Bas.
529 589 585 664 τῆς
600 590 712 674 φιλίας
728 608 787 674 pro
801 589 841 671 τῇ
855 590 961 675 φιλίᾳ.
981 585 1156 652 Genitivus

62 691 151 758 enim
172 709 193 754 a
215 684 432 770 δυσχάριστος
453 689 586 769 regItnr.
632 689 689 754 Uti
711 685 1155 771 θηλιιιγωριζιλμενοςολελιιι.

62 786 119 881 (ν.
143 789 258 881 Matth.
284 786 342 851 Gr.
364 807 414 874 gr.
438 784 541 873 354,
562 784 629 878 ιλ),
650 791 699 854 ita
720 790 816 855 etiarn
840 786 1077 872 δυσχώριστσς,
1097 806 1157 853 eu·

12 918 15 959 ι
57 894 115 977 jus
136 891 209 955 λοοο
230 888 307 974 th.
330 907 350 954 e
371 907 472 970 marg.
495 889 566 954 uod.
590 884 712 973 nujus'd.
741 891 826 956 male
850 887 1065 976 δυσφώρατος
1094 907 1154 956 re-

12 1074 13 1079 *
63 992 141 1078 poni
167 990 256 1078 vuit,
282 1008 353 1055 cum
380 989 525 1072 genitivu
553 996 664 1075 potest
692 991 784 1056 strui.
829 989 935 1056 Eaed.
959 989 1033 1056 edd.
1056 991 1154 1056 etium
1181 1010 1189 1035 ¹

63 1111 121 1178 pro
145 1089 391 1172 ἀναμιγνύουσα
414 1109 476 1155 nun
499 1090 583 1156 maie
610 1088 877 1174 καταμιγνύουσα
908 1092 1074 1157 exhibent.
1117 1088 1155 1156 C.

15 1222 18 1259 ι
63 1192 106 1258 V.
130 1189 192 1256 51.
213 1211 243 1256 c.
273 1210 331 1276 pru
353 1187 449 1274 ὑγρὸς
470 1188 517 1255 ὢν
546 1194 602 1256 καὶ
631 1191 776 1268 πιθανὸς
802 1190 1073 1277 μεταβάλλεσθαι
1104 1194 1155 1257 ἐπὶ
1269 1209 1274 1216 ·

60 1290 121 1367 τάς
142 1289 344 1371 ἐξομοιάσεις
358 1291 491 1356 Vulcnb.
515 1294 636 1358 rectius
658 1290 726 1379 ύγρ.
748 1292 793 1358 ὧν
813 1296 869 1359 καλ
883 1292 1155 1376 μεταβάλλεσθαι

12 1432 17 1455 ι
59 1388 207 1468 πιθανὸς
227 1393 277 1456 ἐπὶ
300 1389 359 1466 τάς
380 1389 466 1472 ἐξομ.
489 1393 596 1459 habet.
641 1392 680 1459 O.
702 1395 778 1459 XII.
804 1390 880 1483 (ap.
904 1393 996 1459 Hutr„
1022 1388 1154 1481 XVII.)

61 1489 126 1559 56.
148 1512 177 1558 n.
198 1493 231 1557 in
254 1492 380 1557 verbiS:
403 1490 460 1556 τὸν
481 1491 511 1558 <3⁰
535 1496 731 1559 internarium
751 1497 808 1560 καλ
829 1495 1091 1575 κατευλογοῦντα
1112 1491 1156 1558 τά

60 1598 269 1679 πεπραγμένα
290 1589 490 1670 ἀσπάζονται
511 1596 568 1659 καὶ
589 1596 774 1677 νομίζουσιν
793 1593 906 1659 εὔνουν
926 1597 983 1661 καλ
1005 1597 1103 1680 φίλον
1118 1594 1154 1659 in

59 1698 269 1777 πεπραγμένα
290 1693 488 1778 apostropha
512 1701 613 1761 utere.
659 1693 751 1776 Quod
775 1696 858 1760 euim
881 1695 1052 1780 Wyttenb.
1079 1698 1157 1780 post

59 1794 92 1860 h.
122 1793 257 1859 verbum
286 1793 510 1880 interpunxit,
541 1815 605 1860 non
634 1801 724 1862 recte
751 1796 837 1860 seuit.
888 1794 926 1861 O.
954 1795 1047 1860 XVI.
1077 1793 1154 1885 (ap.

60 1894 158 1961 IIutt.
179 1889 328 1982 XXIII.)
351 1892 415 1958 58.
439 1913 468 1959 e.
488 1897 520 1960 in
543 1894 679 1961 verbisz
722 1895 793 1960 εἶτα
820 1897 886 1960 τάν
914 1896 972 1977 μὲν
993 1895 1156 1960 Στωικῶν

60 1991 132 2061 οὐδ’
155 1990 354 2084 (Wyttenb.
377 1997 470 2078 pejus
492 1991 588 2086 οὐδὲ)
610 1994 741 2062 ἀκούειν
760 2001 841 2062 ἔνιοι
854 1994 1060 2083 ὑπομένουσι,
1080 1996 1155 2061 otIm

58 2097 209 2163 fortasse
237 2092 450 2176 ὑπομένουσιν
480 2097 559 2161 ἔνιοι
575 2099 742 2183 ‘seriptum
772 2104 853 2163 erat.
915 2096 953 2165 C.
978 2095 1052 2162 ΧΧ.
1083 2100 1154 2181 (ap.

59 2198 158 2264 unt.
192 2216 221 2260 ι.
250 2194 395 2275 xxixa
426 2192 489 2261 ea.
513 2198 549 2261 u.
576 2217 633 2282 pro
666 2196 705 2262 α
731 2196 862 2276 ασελ.
890 2194 975 2279 μσς
1006 2193 1025 2262 ὁ
1053 2193 1157 2287 ..αα
1274 2252 1276 2257 ,

60 2299 173 2364 scribe
195 2317 225 2362 c.
248 2293 382 2365 VuIc.‚‹i
405 2293 508 2383 κόλαξ
528 2294 611 2378 ἡμᾶς
632 2295 671 2361 σύ
694 2294 834 2375 λήσεται.
880 2294 918 2362 (λ.
939 2296 1065 2362 XXVI.
1088 2304 1158 2383 [ap.

61 2400 158 2465 IIutt.
181 2398 356 2476 XXXIX.)
380 2394 444 2461 67.
468 2397 499 2461 ιλ.
529 2399 562 2462 λιι
591 2398 721 2462 verius:
765 2397 870 2461 ταῦτα
899 2392 1000 2472 οὕτως
1029 2401 1155 2474 ἐνικιγσο

59 2498 121 2567 τὸν
150 2495 348 2586 Διονύσιον,
390 2494 472 2562 ὥστε
499 2496 558 2574 τάς
585 2499 642 2578 μὲν
668 2506 780 2582 χεῖρας
802 2497 849 2579 τῴ
871 2493 1029 2560 Πλούτωνι
1049 2492 1155 2571 εὐθύς

60 2601 247 2685 περιβαλεῖν
274 2602 332 2663 καὶ
361 2598 633 2678 κατασπάζεσθαι
661 2597 793 2681 primum
822 2616 879 2682 pra
908 2597 1014 2661 ταῦτα
1046 2596 1156 2661 scribe

59 2699 188 2778 ταῦθ’,
223 2700 343 2765 deiude
363 2719 422 2784 pro
444 2701 490 2782 τῴ
518 2695 673 2764 Πλάτωνι
694 2694 752 2762 τὸν
773 2694 941 2762 Πλάτων’.
986 2691 1155 2781 Περιβάλ-

60 2806 130 2867 λιιν
151 2801 235 2866 enirn
256 2820 326 2864 cum
340 2799 459 2884 duplici
474 2800 757 2864 struiaccusativo
775 2800 859 2864 satis
879 2803 1019 2884 constat,
1041 2817 1157 2882 (ruam-¹

60 2921 158 2988 quam
191 2902 219 2965 si
248 2901 409 2984 signifieat
444 2899 635 2985 amplecti
670 2900 715 2964 uti
745 2900 796 2966 hia
834 2898 965 2964 dativus
993 2917 1156 2984 personae

61 3003 263 3087 frequentior
292 3009 357 3067 est.
400 3001 589 3067 Praeluturn
610 3006 718 3066 tamen
740 3001 793 3066 hia
813 3019 833 3064 a
855 2999 1030 3064 Plutarcho
1057 3019 1157 3065 aecu-

62 3105 206 3170 sativum
229 3122 307 3167 esse
329 3102 404 3167 inde
426 3103 591 3186 suspicor,
625 3102 701 3186 quia
721 3102 817 3165 simul
839 3118 859 3164 a
880 3096 1155 3178 κατασπάζεσθαι

61 3205 198 3289 regitur.
242 3199 280 3268 0.
302 3203 459 3267 XXXVI.
481 3208 551 3286 (ap.
573 3201 666 3267 Hutt.
692 3201 751 3280 1..)
774 3198 836 3265 73.
858 3199 889 3264 d.
912 3200 1014 3285 Iegis:
1043 3201 1156 3267 δίδωσι

60 3302 128 3390 γάρ
149 3301 167 3368 ὁ
186 3302 302 3386 καιρὸς
323 3309 439 3368 εἰπεῖν·
457 3292 521 3385 Ἆρ’
548 3298 626 3381 ἀξια
647 3308 755 3367 ἐκεῖνα
775 3298 904 3378 τούτοις
924 3297 1155 3388 παραβάλλειν,

62 3424 127 3490 quo
148 3403 181 3468 iu
202 3404 272 3469 loco
298 3404 575 3488 Wyttentrachius
596 3403 741 3486 vestigia
761 3410 879 3487 poetae
902 3402 995 3488 prodi
1023 3407 1156 3468 censete

56 3492 131 3585 'Ap'
157 3501 216 3583 ἀξί
242 3501 303 3569 ἐστ’
328 3510 435 3569 ἐκεῖνα
456 3502 584 3581 τούτοις
605 3505 802 3593 συμβαλαῑνς
825 3504 871 3568 At
892 3504 925 3568 in
946 3503 1059 3570 verbis
1080 3501 1156 3567 istis

63 3605 257 3691 simpliciter
279 3606 412 3690 scriptis
435 3607 594 3690 poeticum
615 3605 755 3669 calorem
777 3623 839 3668 non
862 3603 987 3688 inveni,
1009 3602 1158 3685 facioque

64 3709 162 3792 Igitur
184 3709 292 3792 patius
314 3727 341 3771 e.
367 3705 442 3771 Αλιλ.
465 3712 500 3771 et
515 3704 595 3770 Bas.
616 3704 651 3768 iu
673 3705 788 3789 quibus
808 3701 901 3782 ἀξιον
923 3722 981 3789 pru
1002 3700 1080 3779 ἀξια
1094 3706 1157 3765 eat.

64 3807 102 3874 C.
126 3808 300 3872 XXXVII.
326 3815 391 3890 (ap.
413 3807 503 3872 Hutt.
519 3805 607 3884 nu.)
631 3802 694 3870 74.
719 3804 751 3869 ιλ.
774 3805 807 3870 iu
831 3804 960 3871 verbisr
978 3799 1067 3867 Ἐπεὶ
1088 3803 1158 3865 τοί-

62 3933 121 3974 νυν
143 3905 264 3992 (ὥσπερ
287 3911 428 3990 εἴρηται)
450 3904 604 3980 πολλάκις
633 3905 711 3984 (huc
735 3907 822 3971 verb.
845 3925 865 3970 a
888 3905 979 3969 'Iule
1002 3899 1157 3978 ἀπαθῆ

61 4011 230 4091 παρρησία
251 4011 297 4090 ru}
323 4009 573 4092 θεραπευομένῳ
595 4003 714 4091 λυπιρά
737 4002 891 4092 ὑπάρχει,
912 4005 965 4068 δεῖ
982 4000 1160 4081 μιμεῖσθαι
