<?xml version="1.0" encoding="UTF-8"?>
<!DOCTYPE html PUBLIC "-//W3C//DTD XHTML 1.0 Transitional//EN"
    "http://www.w3.org/TR/xhtml1/DTD/xhtml1-transitional.dtd">
<html xmlns="http://www.w3.org/1999/xhtml" xml:lang="en" lang="en">
 <head>
  <title>
</title>
<meta http-equiv="Content-Type" content="text/html;charset=utf-8" />
  <meta name='ocr-system' content='tesseract 3.04.00' />
  <meta name='ocr-capabilities' content='ocr_page ocr_carea ocr_par ocr_line ocrx_word'/>
</head>
<body>
  <div class='ocr_page' id='page_1' title='image "./dehiatuinorator01bensgoog_0303.png"; bbox 0 0 2580 4514; ppageno 0'>
   <div class='ocr_carea' id='block_1_1' title="bbox 453 161 726 228">
    <p class='ocr_par' dir='ltr' id='par_1_1' title="bbox 453 161 726 228">
     <span class='ocr_line' id='line_1_1' title="bbox 453 161 726 228; baseline -0.011 -16"><span class='ocrx_word' id='word_1_1' title='bbox 453 198 493 212; x_wconf 90' lang='lat'><strong>..</strong></span> <span class='ocrx_word' id='word_1_2' title='bbox 557 161 726 228; x_wconf 60' lang='grc' dir='ltr'><strong>οη...</strong></span> 
     </span>
    </p>
   </div>
   <div class='ocr_carea' id='block_1_2' title="bbox 10 329 1282 4107">
    <p class='ocr_par' dir='ltr' id='par_1_2' title="bbox 23 329 1258 1922">
     <span class='ocr_line' id='line_1_2' title="bbox 38 329 1145 425; baseline -0.005 -22"><span class='ocrx_word' id='word_1_3' title='bbox 38 357 106 403; x_wconf 78' lang='grc' dir='ltr'><strong><em>σοιν</em></strong></span> <span class='ocrx_word' id='word_1_4' title='bbox 126 330 213 420; x_wconf 85' lang='lat' dir='ltr'><strong>qood</strong></span> <span class='ocrx_word' id='word_1_5' title='bbox 233 335 323 396; x_wconf 86' lang='lat' dir='ltr'><strong>amat</strong></span> <span class='ocrx_word' id='word_1_6' title='bbox 343 331 572 419; x_wconf 85' lang='lat' dir='ltr'><strong>compositum,</strong></span> <span class='ocrx_word' id='word_1_7' title='bbox 592 352 632 425; x_wconf 66' lang='lat' dir='ltr'><strong>v.</strong></span> <span class='ocrx_word' id='word_1_8' title='bbox 650 331 734 397; x_wconf 85' lang='lat' dir='ltr'><strong>Lex.</strong></span> <span class='ocrx_word' id='word_1_9' title='bbox 758 329 901 416; x_wconf 80' lang='lat' dir='ltr'><strong>Polyb,</strong></span> <span class='ocrx_word' id='word_1_10' title='bbox 919 329 1056 398; x_wconf 77' lang='lat' dir='ltr'>dedisse</span> <span class='ocrx_word' id='word_1_11' title='bbox 1076 331 1145 414; x_wconf 67' lang='lat' dir='ltr'><strong>vi-„</strong></span> 
     </span>
     <span class='ocr_line' id='line_1_3' title="bbox 37 427 1132 518; baseline -0.005 -15"><span class='ocrx_word' id='word_1_12' title='bbox 37 435 147 503; x_wconf 85' lang='lat' dir='ltr'><strong>detur.</strong></span> <span class='ocrx_word' id='word_1_13' title='bbox 176 436 341 518; x_wconf 81' lang='lat' dir='ltr'>XXXIII,</span> <span class='ocrx_word' id='word_1_14' title='bbox 362 430 400 497; x_wconf 70' lang='lat'><strong>7.</strong></span> <span class='ocrx_word' id='word_1_15' title='bbox 427 432 553 516; x_wconf 82' lang='lat' dir='ltr'><strong>corrige</strong></span> <span class='ocrx_word' id='word_1_16' title='bbox 574 429 646 496; x_wconf 76' lang='grc' dir='ltr'><strong><em>εἶτα</em></strong></span> <span class='ocrx_word' id='word_1_17' title='bbox 663 427 899 513; x_wconf 74' lang='grc' dir='ltr'><em>Ἀγαθόκλεια.</em></span> <span class='ocrx_word' id='word_1_18' title='bbox 921 427 957 495; x_wconf 86' lang='grc'><strong>9.</strong></span> <span class='ocrx_word' id='word_1_19' title='bbox 988 433 1020 498; x_wconf 84' lang='lat' dir='ltr'><strong>dd</strong></span> <span class='ocrx_word' id='word_1_20' title='bbox 1043 438 1132 497; x_wconf 75' lang='grc' dir='ltr'><strong><em>ἐκέν-</em></strong></span> 
     </span>
     <span class='ocr_line' id='line_1_4' title="bbox 36 528 1134 610; baseline -0.006 -7"><span class='ocrx_word' id='word_1_21' title='bbox 36 560 130 603; x_wconf 85' lang='grc' dir='ltr'><strong><em>τοον.</em></strong></span> <span class='ocrx_word' id='word_1_22' title='bbox 159 532 219 599; x_wconf 70' lang='grc'><strong>13.</strong></span> <span class='ocrx_word' id='word_1_23' title='bbox 242 535 277 598; x_wconf 79' lang='grc' dir='ltr'><strong>δὲ</strong></span> <span class='ocrx_word' id='word_1_24' title='bbox 297 536 379 597; x_wconf 80' lang='grc' dir='ltr'><strong><em>υἱον.</em></strong></span> <span class='ocrx_word' id='word_1_25' title='bbox 400 535 567 610; x_wconf 87' lang='lat' dir='ltr'>XXXVI,</span> <span class='ocrx_word' id='word_1_26' title='bbox 591 530 625 596; x_wconf 82' lang='lat'><strong>5.</strong></span> <span class='ocrx_word' id='word_1_27' title='bbox 652 534 688 597; x_wconf 70' lang='lat' dir='ltr'><strong>od</strong></span> <span class='ocrx_word' id='word_1_28' title='bbox 715 528 871 610; x_wconf 77' lang='grc' dir='ltr'><strong><em>ἀκοῦσαι,</em></strong></span> <span class='ocrx_word' id='word_1_29' title='bbox 909 536 1042 607; x_wconf 73' lang='grc' dir='ltr'><strong>ποοίῐο</strong></span> <span class='ocrx_word' id='word_1_30' title='bbox 1073 534 1134 598; x_wconf 98' lang='grc'><strong>10.</strong></span> 
     </span>
     <span class='ocr_line' id='line_1_5' title="bbox 27 629 1133 719; baseline -0.005 -16"><span class='ocrx_word' id='word_1_31' title='bbox 27 639 97 703; x_wconf 67' lang='lat' dir='ltr'><strong>urei</strong></span> <span class='ocrx_word' id='word_1_32' title='bbox 120 641 248 719; x_wconf 73' lang='grc' dir='ltr'><strong>ἑτέροις.</strong></span> <span class='ocrx_word' id='word_1_33' title='bbox 290 632 331 698; x_wconf 89' lang='lat' dir='ltr'><strong>lu</strong></span> <span class='ocrx_word' id='word_1_34' title='bbox 352 629 436 714; x_wconf 80' lang='lat' dir='ltr'><strong>Exc.</strong></span> <span class='ocrx_word' id='word_1_35' title='bbox 463 633 534 696; x_wconf 86' lang='lat' dir='ltr'><strong>Vat.</strong></span> <span class='ocrx_word' id='word_1_36' title='bbox 558 631 637 716; x_wconf 84' lang='lat' dir='ltr'><strong>Maj.</strong></span> <span class='ocrx_word' id='word_1_37' title='bbox 658 634 763 717; x_wconf 85' lang='lat' dir='ltr'><strong>prima</strong></span> <span class='ocrx_word' id='word_1_38' title='bbox 783 651 811 696; x_wconf 90' lang='lat' dir='ltr'><strong>c.</strong></span> <span class='ocrx_word' id='word_1_39' title='bbox 837 632 871 696; x_wconf 92' lang='lat'><strong>1.</strong></span> <span class='ocrx_word' id='word_1_40' title='bbox 901 633 1003 698; x_wconf 88' lang='lat' dir='ltr'><strong>verba</strong></span> <span class='ocrx_word' id='word_1_41' title='bbox 1023 633 1133 718; x_wconf 87' lang='lat' dir='ltr'><strong>epito-</strong></span> 
     </span>
     <span class='ocr_line' id='line_1_6' title="bbox 36 724 1139 825; baseline -0.005 -23"><span class='ocrx_word' id='word_1_42' title='bbox 36 737 179 803; x_wconf 77' lang='lat' dir='ltr'><strong>matoris</strong></span> <span class='ocrx_word' id='word_1_43' title='bbox 199 738 286 810; x_wconf 84' lang='lat' dir='ltr'><strong>suut,</strong></span> <span class='ocrx_word' id='word_1_44' title='bbox 306 733 392 798; x_wconf 89' lang='lat' dir='ltr'><strong>unde</strong></span> <span class='ocrx_word' id='word_1_45' title='bbox 413 729 677 825; x_wconf 81' lang='lat' dir='ltr'><strong>ap.Sohweigh.</strong></span> <span class='ocrx_word' id='word_1_46' title='bbox 699 732 785 798; x_wconf 87' lang='lat' dir='ltr'><strong>aliud</strong></span> <span class='ocrx_word' id='word_1_47' title='bbox 807 730 978 799; x_wconf 75' lang='lat' dir='ltr'><strong>exhibetur</strong></span> <span class='ocrx_word' id='word_1_48' title='bbox 998 724 1139 798; x_wconf 81' lang='lat' dir='ltr'><strong>iuitiuru.¹</strong></span> 
     </span>
     <span class='ocr_line' id='line_1_7' title="bbox 37 829 1131 920; baseline -0.005 -17"><span class='ocrx_word' id='word_1_49' title='bbox 37 838 157 920; x_wconf 81' lang='lat' dir='ltr'><strong>Leges</strong></span> <span class='ocrx_word' id='word_1_50' title='bbox 177 836 222 900; x_wconf 88' lang='lat' dir='ltr'><strong>ibi</strong></span> <span class='ocrx_word' id='word_1_51' title='bbox 241 835 298 898; x_wconf 81' lang='grc' dir='ltr'><strong>καὶ</strong></span> <span class='ocrx_word' id='word_1_52' title='bbox 319 829 358 897; x_wconf 85' lang='grc' dir='ltr'><strong>οὐ</strong></span> <span class='ocrx_word' id='word_1_53' title='bbox 378 837 414 896; x_wconf 93' lang='lat' dir='ltr'><strong>et</strong></span> <span class='ocrx_word' id='word_1_54' title='bbox 428 831 547 898; x_wconf 89' lang='lat' dir='ltr'><strong>deinde</strong></span> <span class='ocrx_word' id='word_1_55' title='bbox 558 835 734 898; x_wconf 65' lang='lat' dir='ltr'><strong>droctoveo·</strong></span> <span class='ocrx_word' id='word_1_56' title='bbox 757 838 790 898; x_wconf 80' lang='grc' dir='ltr'><strong>οἱ</strong></span> <span class='ocrx_word' id='word_1_57' title='bbox 806 831 833 896; x_wconf 81' lang='lat' dir='ltr'><strong>d’</strong></span> <span class='ocrx_word' id='word_1_58' title='bbox 850 835 924 898; x_wconf 89' lang='lat' dir='ltr'><strong>sine</strong></span> <span class='ocrx_word' id='word_1_59' title='bbox 942 833 1131 912; x_wconf 76' lang='lat' dir='ltr'><strong>offensione,</strong></span> 
     </span>
     <span class='ocr_line' id='line_1_8' title="bbox 23 924 1134 1019; baseline -0.005 -15"><span class='ocrx_word' id='word_1_60' title='bbox 23 937 99 1004; x_wconf 78' lang='lat' dir='ltr'><strong>‘sed</strong></span> <span class='ocrx_word' id='word_1_61' title='bbox 113 941 156 1001; x_wconf 92' lang='grc' dir='ltr'><strong>ΙΙ.</strong></span> <span class='ocrx_word' id='word_1_62' title='bbox 181 934 234 1000; x_wconf 87' lang='lat' dir='ltr'><strong>ubi</strong></span> <span class='ocrx_word' id='word_1_63' title='bbox 256 951 314 1019; x_wconf 85' lang='lat' dir='ltr'><strong>pro</strong></span> <span class='ocrx_word' id='word_1_64' title='bbox 336 933 432 1009; x_wconf 75' lang='grc' dir='ltr'><strong><em>δῆλον</em></strong></span> <span class='ocrx_word' id='word_1_65' title='bbox 455 928 505 996; x_wconf 83' lang='grc' dir='ltr'><strong>ὅτι</strong></span> <span class='ocrx_word' id='word_1_66' title='bbox 527 924 719 1014; x_wconf 60' lang='grc' dir='ltr'><strong><em>αναῖικαῖον,</em></strong></span> <span class='ocrx_word' id='word_1_67' title='bbox 742 933 826 1018; x_wconf 87' lang='lat' dir='ltr'><strong>quod</strong></span> <span class='ocrx_word' id='word_1_68' title='bbox 845 935 1002 1001; x_wconf 84' lang='lat' dir='ltr'><strong>Luchtius</strong></span> <span class='ocrx_word' id='word_1_69' title='bbox 1024 953 1134 1000; x_wconf 84' lang='lat' dir='ltr'><strong>econ·</strong></span> 
     </span>
     <span class='ocr_line' id='line_1_9' title="bbox 35 1030 1218 1121; baseline -0.005 -17"><span class='ocrx_word' id='word_1_70' title='bbox 35 1039 170 1121; x_wconf 82' lang='lat' dir='ltr'><strong>jectura</strong></span> <span class='ocrx_word' id='word_1_71' title='bbox 191 1033 309 1109; x_wconf 86' lang='lat' dir='ltr'><strong>edidit,</strong></span> <span class='ocrx_word' id='word_1_72' title='bbox 339 1033 390 1099; x_wconf 93' lang='lat' dir='ltr'><strong>ed.</strong></span> <span class='ocrx_word' id='word_1_73' title='bbox 414 1034 550 1097; x_wconf 86' lang='lat' dir='ltr'><strong>Roman.</strong></span> <span class='ocrx_word' id='word_1_74' title='bbox 574 1034 671 1109; x_wconf 76' lang='grc' dir='ltr'><strong><em>δῆλον</em></strong></span> <span class='ocrx_word' id='word_1_75' title='bbox 692 1030 743 1096; x_wconf 74' lang='lat' dir='ltr'><strong>uiri</strong></span> <span class='ocrx_word' id='word_1_76' title='bbox 766 1031 881 1115; x_wconf 77' lang='lat' dir='ltr'><strong>ciuuyx.</strong></span> <span class='ocrx_word' id='word_1_77' title='bbox 902 1035 1057 1119; x_wconf 85' lang='lat' dir='ltr'><strong>praebet,</strong></span> <span class='ocrx_word' id='word_1_78' title='bbox 1098 1041 1134 1098; x_wconf 91' lang='lat' dir='ltr'><strong>tu</strong></span> <span class='ocrx_word' id='word_1_79' title='bbox 1215 1065 1218 1070; x_wconf 95' lang='lat'>·</span> 
     </span>
     <span class='ocr_line' id='line_1_10' title="bbox 40 1128 1135 1221; baseline -0.005 -21"><span class='ocrx_word' id='word_1_80' title='bbox 40 1138 158 1221; x_wconf 76' lang='grc' dir='ltr'><strong><em>δῆλον,</em></strong></span> <span class='ocrx_word' id='word_1_81' title='bbox 184 1137 241 1198; x_wconf 84' lang='grc' dir='ltr'><strong>ναὶ</strong></span> <span class='ocrx_word' id='word_1_82' title='bbox 263 1131 380 1216; x_wconf 70' lang='lat' dir='ltr'><strong>riceyo.</strong></span> <span class='ocrx_word' id='word_1_83' title='bbox 403 1133 513 1197; x_wconf 81' lang='lat' dir='ltr'><strong>scribe</strong></span> <span class='ocrx_word' id='word_1_84' title='bbox 536 1140 570 1196; x_wconf 89' lang='lat' dir='ltr'><strong>et</strong></span> <span class='ocrx_word' id='word_1_85' title='bbox 592 1133 703 1198; x_wconf 85' lang='lat' dir='ltr'><strong>confer</strong></span> <span class='ocrx_word' id='word_1_86' title='bbox 731 1133 777 1210; x_wconf 87' lang='lat' dir='ltr'><strong>V,</strong></span> <span class='ocrx_word' id='word_1_87' title='bbox 801 1131 870 1213; x_wconf 83' lang='lat'><strong>36,</strong></span> <span class='ocrx_word' id='word_1_88' title='bbox 895 1132 929 1198; x_wconf 83' lang='lat'><strong>5.</strong></span> <span class='ocrx_word' id='word_1_89' title='bbox 967 1128 1054 1219; x_wconf 77' lang='grc' dir='ltr'><strong>Ὸορ.</strong></span> <span class='ocrx_word' id='word_1_90' title='bbox 1077 1138 1135 1198; x_wconf 90' lang='lat'><strong>111.</strong></span> 
     </span>
     <span class='ocr_line' id='line_1_11' title="bbox 39 1230 1134 1318; baseline -0.006 -15"><span class='ocrx_word' id='word_1_91' title='bbox 39 1235 146 1303; x_wconf 79' lang='lat' dir='ltr'><strong>verbo</strong></span> <span class='ocrx_word' id='word_1_92' title='bbox 182 1237 362 1311; x_wconf 75' lang='grc' dir='ltr'><strong><em>ἐπανείλετο</em></strong></span> <span class='ocrx_word' id='word_1_93' title='bbox 385 1230 598 1314; x_wconf 64' lang='grc' dir='ltr'><strong><em>’Ἀγαθοκλῆς</em></strong></span> <span class='ocrx_word' id='word_1_94' title='bbox 634 1233 787 1316; x_wconf 85' lang='lat' dir='ltr'><strong>eclogorii</strong></span> <span class='ocrx_word' id='word_1_95' title='bbox 821 1241 923 1318; x_wconf 88' lang='lat' dir='ltr'><strong>sunt,</strong></span> <span class='ocrx_word' id='word_1_96' title='bbox 967 1233 1008 1300; x_wconf 89' lang='lat' dir='ltr'><strong>de</strong></span> <span class='ocrx_word' id='word_1_97' title='bbox 1035 1236 1134 1298; x_wconf 80' lang='grc' dir='ltr'><em>τοῦτο</em></span> 
     </span>
     <span class='ocr_line' id='line_1_12' title="bbox 38 1332 1217 1420; baseline -0.003 -18"><span class='ocrx_word' id='word_1_98' title='bbox 38 1333 157 1420; x_wconf 74' lang='grc' dir='ltr'><strong><em>ἔπραξε</em></strong></span> <span class='ocrx_word' id='word_1_99' title='bbox 178 1334 220 1400; x_wconf 94' lang='lat' dir='ltr'><strong>ib.</strong></span> <span class='ocrx_word' id='word_1_100' title='bbox 246 1334 365 1420; x_wconf 86' lang='lat' dir='ltr'><strong>poterit</strong></span> <span class='ocrx_word' id='word_1_101' title='bbox 386 1332 536 1411; x_wconf 88' lang='lat' dir='ltr'><strong>dubitari,</strong></span> <span class='ocrx_word' id='word_1_102' title='bbox 557 1339 661 1397; x_wconf 90' lang='lat' dir='ltr'><strong>utrum</strong></span> <span class='ocrx_word' id='word_1_103' title='bbox 683 1333 777 1414; x_wconf 90' lang='lat' dir='ltr'><strong>hujus</strong></span> <span class='ocrx_word' id='word_1_104' title='bbox 799 1353 841 1398; x_wconf 87' lang='lat' dir='ltr'><strong>an</strong></span> <span class='ocrx_word' id='word_1_105' title='bbox 859 1335 994 1419; x_wconf 80' lang='lat' dir='ltr'><strong>&#39;Polybii</strong></span> <span class='ocrx_word' id='word_1_106' title='bbox 1015 1335 1091 1399; x_wconf 85' lang='lat' dir='ltr'><strong>sint.</strong></span> <span class='ocrx_word' id='word_1_107' title='bbox 1133 1344 1136 1349; x_wconf 83' lang='grc'><strong>’</strong></span> <span class='ocrx_word' id='word_1_108' title='bbox 1216 1379 1217 1382; x_wconf 63' lang='lat'>,</span> 
     </span>
     <span class='ocr_line' id='line_1_13' title="bbox 126 1432 1246 1520; baseline -0.001 -21"><span class='ocrx_word' id='word_1_109' title='bbox 126 1433 183 1499; x_wconf 84' lang='lat' dir='ltr'><strong>Ex</strong></span> <span class='ocrx_word' id='word_1_110' title='bbox 217 1434 459 1520; x_wconf 86' lang='lat' dir='ltr'><strong>quatuordecim</strong></span> <span class='ocrx_word' id='word_1_111' title='bbox 498 1433 594 1516; x_wconf 82' lang='lat' dir='ltr'><strong>igitur</strong></span> <span class='ocrx_word' id='word_1_112' title='bbox 633 1433 727 1515; x_wconf 87' lang='lat' dir='ltr'><strong>hujus</strong></span> <span class='ocrx_word' id='word_1_113' title='bbox 755 1432 827 1497; x_wconf 80' lang='lat' dir='ltr'><strong>libri</strong></span> <span class='ocrx_word' id='word_1_114' title='bbox 861 1434 1001 1499; x_wconf 83' lang='lat' dir='ltr'><strong>hiatibus</strong></span> <span class='ocrx_word' id='word_1_115' title='bbox 1011 1481 1023 1519; x_wconf 93' lang='lat'>,</span> <span class='ocrx_word' id='word_1_116' title='bbox 1053 1453 1134 1518; x_wconf 89' lang='lat' dir='ltr'><strong>quos</strong></span> <span class='ocrx_word' id='word_1_117' title='bbox 1244 1476 1246 1480; x_wconf 81' lang='lat'><strong>.</strong></span> 
     </span>
     <span class='ocr_line' id='line_1_14' title="bbox 40 1533 1198 1627; baseline -0.003 -26"><span class='ocrx_word' id='word_1_118' title='bbox 40 1555 149 1621; x_wconf 85' lang='lat' dir='ltr'><strong>neque</strong></span> <span class='ocrx_word' id='word_1_119' title='bbox 180 1534 379 1627; x_wconf 68' lang='lat' dir='ltr'><strong>apostrophe</strong></span> <span class='ocrx_word' id='word_1_120' title='bbox 409 1534 520 1619; x_wconf 88' lang='lat' dir='ltr'><strong>possis</strong></span> <span class='ocrx_word' id='word_1_121' title='bbox 550 1535 633 1599; x_wconf 90' lang='lat' dir='ltr'><strong>bene</strong></span> <span class='ocrx_word' id='word_1_122' title='bbox 663 1535 780 1600; x_wconf 89' lang='lat' dir='ltr'><strong>tollere</strong></span> <span class='ocrx_word' id='word_1_123' title='bbox 808 1540 914 1621; x_wconf 80' lang='lat' dir='ltr'><strong>neque</strong></span> <span class='ocrx_word' id='word_1_124' title='bbox 947 1535 1016 1601; x_wconf 87' lang='lat' dir='ltr'><strong>alio·</strong></span> <span class='ocrx_word' id='word_1_125' title='bbox 1041 1533 1135 1619; x_wconf 88' lang='lat' dir='ltr'><strong>modo</strong></span> <span class='ocrx_word' id='word_1_126' title='bbox 1193 1550 1198 1558; x_wconf 75' lang='lat'><strong>·</strong></span> 
     </span>
     <span class='ocr_line' id='line_1_15' title="bbox 43 1622 1235 1721; baseline -0.003 -20"><span class='ocrx_word' id='word_1_127' title='bbox 43 1635 233 1721; x_wconf 80' lang='lat' dir='ltr'><strong>eprIcare,</strong></span> <span class='ocrx_word' id='word_1_128' title='bbox 254 1635 355 1700; x_wconf 83' lang='lat' dir='ltr'><strong>sotum</strong></span> <span class='ocrx_word' id='word_1_129' title='bbox 379 1641 517 1719; x_wconf 81' lang='lat' dir='ltr'><strong>quatuor</strong></span> <span class='ocrx_word' id='word_1_130' title='bbox 545 1622 696 1701; x_wconf 77' lang='lat' dir='ltr'><strong>codIcuru.</strong></span> <span class='ocrx_word' id='word_1_131' title='bbox 711 1653 772 1718; x_wconf 82' lang='lat' dir='ltr'><strong>ope</strong></span> <span class='ocrx_word' id='word_1_132' title='bbox 796 1635 924 1700; x_wconf 89' lang='lat' dir='ltr'><strong>videbis</strong></span> <span class='ocrx_word' id='word_1_133' title='bbox 945 1655 966 1699; x_wconf 89' lang='lat' dir='ltr'><strong>a</strong></span> <span class='ocrx_word' id='word_1_134' title='bbox 987 1653 1038 1699; x_wconf 89' lang='lat' dir='ltr'><strong>me</strong></span> <span class='ocrx_word' id='word_1_135' title='bbox 1060 1654 1136 1698; x_wconf 90' lang='lat' dir='ltr'><strong>cor·</strong></span> <span class='ocrx_word' id='word_1_136' title='bbox 1158 1647 1162 1651; x_wconf 87' lang='grc'><strong>’</strong></span> <span class='ocrx_word' id='word_1_137' title='bbox 1225 1630 1235 1643; x_wconf 82' lang='grc'><strong><em>’</em></strong></span> 
     </span>
     <span class='ocr_line' id='line_1_16' title="bbox 38 1720 1258 1823; baseline -0.003 -22"><span class='ocrx_word' id='word_1_138' title='bbox 38 1730 460 1823; x_wconf 73' lang='lat' dir='ltr'><strong>rectos(1,11.rux‚</strong></span> <span class='ocrx_word' id='word_1_139' title='bbox 498 1731 534 1798; x_wconf 80' lang='lat' dir='ltr'><strong>o.</strong></span> <span class='ocrx_word' id='word_1_140' title='bbox 582 1737 697 1814; x_wconf 85' lang='lat' dir='ltr'>xxv,</span> <span class='ocrx_word' id='word_1_141' title='bbox 737 1733 768 1796; x_wconf 78' lang='grc' dir='ltr'><strong>ι.</strong></span> <span class='ocrx_word' id='word_1_142' title='bbox 805 1741 839 1800; x_wconf 84' lang='lat' dir='ltr'><strong>et</strong></span> <span class='ocrx_word' id='word_1_143' title='bbox 868 1739 1031 1814; x_wconf 80' lang='lat' dir='ltr'><strong>xxvio,</strong></span> <span class='ocrx_word' id='word_1_144' title='bbox 1066 1729 1134 1823; x_wconf 82' lang='grc'><strong>3.).</strong></span> <span class='ocrx_word' id='word_1_145' title='bbox 1252 1720 1258 1729; x_wconf 75' lang='grc'><strong>“</strong></span> 
     </span>
     <span class='ocr_line' id='line_1_17' title="bbox 40 1828 1137 1922; baseline 0.001 -23"><span class='ocrx_word' id='word_1_146' title='bbox 40 1833 197 1920; x_wconf 87' lang='lat' dir='ltr'><strong>Plerique</strong></span> <span class='ocrx_word' id='word_1_147' title='bbox 217 1839 326 1898; x_wconf 80' lang='lat' dir='ltr'><strong>tamen</strong></span> <span class='ocrx_word' id='word_1_148' title='bbox 348 1828 511 1922; x_wconf 81' lang='lat' dir='ltr'><strong>(novem)</strong></span> <span class='ocrx_word' id='word_1_149' title='bbox 532 1832 586 1898; x_wconf 90' lang='lat' dir='ltr'><strong>vel</strong></span> <span class='ocrx_word' id='word_1_150' title='bbox 607 1851 652 1898; x_wconf 85' lang='lat' dir='ltr'><strong>ex</strong></span> <span class='ocrx_word' id='word_1_151' title='bbox 678 1836 738 1899; x_wconf 82' lang='lat' dir='ltr'><strong>u&#39;su</strong></span> <span class='ocrx_word' id='word_1_152' title='bbox 757 1835 890 1921; x_wconf 89' lang='lat' dir='ltr'><strong>Polybii·</strong></span> <span class='ocrx_word' id='word_1_153' title='bbox 914 1836 970 1902; x_wconf 90' lang='lat' dir='ltr'><strong>veI</strong></span> <span class='ocrx_word' id='word_1_154' title='bbox 997 1835 1072 1900; x_wconf 89' lang='lat' dir='ltr'><strong>aliis</strong></span> <span class='ocrx_word' id='word_1_155' title='bbox 1093 1835 1137 1903; x_wconf 94' lang='lat' dir='ltr'><strong>de</strong></span> 
     </span>
    </p>

    <p class='ocr_par' dir='ltr' id='par_1_3' title="bbox 10 1931 1136 2210">
     <span class='ocr_line' id='line_1_18' title="bbox 10 1931 1136 2015; baseline 0 -15"><span class='ocrx_word' id='word_1_156' title='bbox 10 1935 153 2000; x_wconf 79' lang='lat' dir='ltr'><strong>-causis</strong></span> <span class='ocrx_word' id='word_1_157' title='bbox 173 1938 269 1999; x_wconf 87' lang='lat' dir='ltr'><strong>erant</strong></span> <span class='ocrx_word' id='word_1_158' title='bbox 290 1931 494 2009; x_wconf 85' lang='lat' dir='ltr'><strong>emendandi,</strong></span> <span class='ocrx_word' id='word_1_159' title='bbox 516 1931 554 1997; x_wconf 81' lang='lat' dir='ltr'><strong>ef.</strong></span> <span class='ocrx_word' id='word_1_160' title='bbox 576 1933 619 2013; x_wconf 87' lang='lat' dir='ltr'>II,</span> <span class='ocrx_word' id='word_1_161' title='bbox 642 1931 677 1998; x_wconf 82' lang='grc'><strong>8.</strong></span> <span class='ocrx_word' id='word_1_162' title='bbox 700 1936 758 2012; x_wconf 87' lang='grc' dir='ltr'><strong>ΙΧ,</strong></span> <span class='ocrx_word' id='word_1_163' title='bbox 780 1935 817 1999; x_wconf 79' lang='grc'><strong>4.</strong></span> <span class='ocrx_word' id='word_1_164' title='bbox 840 1939 913 2015; x_wconf 88' lang='lat' dir='ltr'>Xll,</span> <span class='ocrx_word' id='word_1_165' title='bbox 936 1934 970 2000; x_wconf 87' lang='grc'><strong>5.</strong></span> <span class='ocrx_word' id='word_1_166' title='bbox 991 1939 1074 2013; x_wconf 89' lang='lat' dir='ltr'><strong>XV,</strong></span> <span class='ocrx_word' id='word_1_167' title='bbox 1093 1934 1136 2000; x_wconf 75' lang='lat'><strong>¹5.</strong></span> 
     </span>
     <span class='ocr_line' id='line_1_19' title="bbox 39 2029 1136 2114; baseline -0.008 -11"><span class='ocrx_word' id='word_1_168' title='bbox 39 2036 168 2114; x_wconf 86' lang='lat' dir='ltr'>XVIII,</span> <span class='ocrx_word' id='word_1_169' title='bbox 183 2031 225 2101; x_wconf 77' lang='grc'><strong>0.</strong></span> <span class='ocrx_word' id='word_1_170' title='bbox 248 2036 323 2110; x_wconf 89' lang='lat' dir='ltr'><strong>XX,</strong></span> <span class='ocrx_word' id='word_1_171' title='bbox 339 2031 382 2104; x_wconf 71' lang='lat' dir='ltr'><strong>⁴b.</strong></span> <span class='ocrx_word' id='word_1_172' title='bbox 406 2029 442 2096; x_wconf 87' lang='grc'><strong>6.</strong></span> <span class='ocrx_word' id='word_1_173' title='bbox 464 2036 603 2110; x_wconf 88' lang='lat' dir='ltr'>XXXII,</span> <span class='ocrx_word' id='word_1_174' title='bbox 629 2032 689 2095; x_wconf 85' lang='lat'><strong>11.</strong></span> <span class='ocrx_word' id='word_1_175' title='bbox 713 2039 748 2095; x_wconf 90' lang='lat' dir='ltr'><strong>et</strong></span> <span class='ocrx_word' id='word_1_176' title='bbox 770 2031 803 2095; x_wconf 90' lang='lat' dir='ltr'><strong>in</strong></span> <span class='ocrx_word' id='word_1_177' title='bbox 823 2029 910 2094; x_wconf 81' lang='lat' dir='ltr'><strong>Exe.</strong></span> <span class='ocrx_word' id='word_1_178' title='bbox 933 2035 1008 2096; x_wconf 81' lang='lat' dir='ltr'><strong>vot.</strong></span> <span class='ocrx_word' id='word_1_179' title='bbox 1031 2029 1073 2092; x_wconf 87' lang='grc' dir='ltr'><strong>ΙΙ.</strong></span> <span class='ocrx_word' id='word_1_180' title='bbox 1101 2034 1136 2094; x_wconf 86' lang='lat' dir='ltr'><strong>iu</strong></span> 
     </span>
     <span class='ocr_line' id='line_1_20' title="bbox 41 2127 842 2210; baseline -0.01 -11"><span class='ocrx_word' id='word_1_181' title='bbox 41 2153 103 2199; x_wconf 85' lang='lat' dir='ltr'><strong>uuo</strong></span> <span class='ocrx_word' id='word_1_182' title='bbox 126 2134 217 2199; x_wconf 86' lang='lat' dir='ltr'><strong>solus</strong></span> <span class='ocrx_word' id='word_1_183' title='bbox 239 2134 347 2199; x_wconf 83' lang='lat' dir='ltr'><strong>hiatus</strong></span> <span class='ocrx_word' id='word_1_184' title='bbox 368 2133 570 2209; x_wconf 79' lang='lat' dir='ltr'><strong>offendebat,</strong></span> <span class='ocrx_word' id='word_1_185' title='bbox 591 2151 624 2196; x_wconf 92' lang='lat' dir='ltr'><strong>v.</strong></span> <span class='ocrx_word' id='word_1_186' title='bbox 649 2131 697 2210; x_wconf 90' lang='lat' dir='ltr'><strong>V,</strong></span> <span class='ocrx_word' id='word_1_187' title='bbox 720 2127 758 2193; x_wconf 80' lang='grc'><strong>8.</strong></span> <span class='ocrx_word' id='word_1_188' title='bbox 838 2184 842 2191; x_wconf 88' lang='grc'><strong>.</strong></span> 
     </span>
    </p>

    <p class='ocr_par' dir='ltr' id='par_1_4' title="bbox 10 2224 1282 2710">
     <span class='ocr_line' id='line_1_21' title="bbox 10 2224 1282 2315; baseline -0.004 -19"><span class='ocrx_word' id='word_1_189' title='bbox 10 2300 12 2305; x_wconf 70' lang='grc'><strong>,</strong></span> <span class='ocrx_word' id='word_1_190' title='bbox 125 2232 199 2296; x_wconf 82' lang='lat' dir='ltr'><strong>Lib.</strong></span> <span class='ocrx_word' id='word_1_191' title='bbox 211 2234 305 2310; x_wconf 89' lang='lat' dir='ltr'>XVI,</span> <span class='ocrx_word' id='word_1_192' title='bbox 326 2232 352 2310; x_wconf 89' lang='lat'>1,</span> <span class='ocrx_word' id='word_1_193' title='bbox 376 2224 413 2292; x_wconf 84' lang='lat'><strong>9.</strong></span> <span class='ocrx_word' id='word_1_194' title='bbox 436 2230 471 2293; x_wconf 87' lang='lat' dir='ltr'><strong>io</strong></span> <span class='ocrx_word' id='word_1_195' title='bbox 491 2230 604 2294; x_wconf 87' lang='lat' dir='ltr'><strong>verbis</strong></span> <span class='ocrx_word' id='word_1_196' title='bbox 627 2248 670 2294; x_wconf 85' lang='lat' dir='ltr'><strong>ex</strong></span> <span class='ocrx_word' id='word_1_197' title='bbox 691 2226 794 2293; x_wconf 82' lang='lat' dir='ltr'><strong>Suida</strong></span> <span class='ocrx_word' id='word_1_198' title='bbox 815 2228 930 2315; x_wconf 81' lang='lat' dir='ltr'><strong>petitis</strong></span> <span class='ocrx_word' id='word_1_199' title='bbox 951 2227 1081 2313; x_wconf 87' lang='lat' dir='ltr'><strong>corrige</strong></span> <span class='ocrx_word' id='word_1_200' title='bbox 1102 2227 1146 2292; x_wconf 77' lang='grc' dir='ltr'><strong>δὲ·</strong></span> <span class='ocrx_word' id='word_1_201' title='bbox 1279 2244 1282 2254; x_wconf 71' lang='lat'><strong>⁴</strong></span> 
     </span>
     <span class='ocr_line' id='line_1_22' title="bbox 42 2304 1138 2423; baseline -0.002 -29"><span class='ocrx_word' id='word_1_202' title='bbox 42 2325 222 2407; x_wconf 72' lang='grc' dir='ltr'><strong>ἀληθινῶς.</strong></span> <span class='ocrx_word' id='word_1_203' title='bbox 235 2304 295 2409; x_wconf 85' lang='grc'><strong>111,</strong></span> <span class='ocrx_word' id='word_1_204' title='bbox 312 2326 348 2394; x_wconf 70' lang='lat'><strong>2.</strong></span> <span class='ocrx_word' id='word_1_205' title='bbox 360 2328 412 2395; x_wconf 81' lang='lat' dir='ltr'><strong>¹ier</strong></span> <span class='ocrx_word' id='word_1_206' title='bbox 423 2331 478 2392; x_wconf 86' lang='grc' dir='ltr'><strong>καὶ</strong></span> <span class='ocrx_word' id='word_1_207' title='bbox 491 2325 629 2413; x_wconf 81' lang='grc' dir='ltr'><strong><em>ὕφαλον,</em></strong></span> <span class='ocrx_word' id='word_1_208' title='bbox 645 2326 713 2411; x_wconf 32' lang='lat' dir='ltr'><strong>sed·</strong></span> <span class='ocrx_word' id='word_1_209' title='bbox 723 2325 757 2390; x_wconf 80' lang='grc' dir='ltr'><strong>ὅ.</strong></span> <span class='ocrx_word' id='word_1_210' title='bbox 773 2327 893 2423; x_wconf 85' lang='lat' dir='ltr'><strong>vitiosa</strong></span> <span class='ocrx_word' id='word_1_211' title='bbox 905 2334 996 2392; x_wconf 84' lang='lat' dir='ltr'><strong>suut:</strong></span> <span class='ocrx_word' id='word_1_212' title='bbox 1019 2325 1138 2392; x_wconf 75' lang='grc' dir='ltr'><strong><em>διὸκαὶ</em></strong></span> 
     </span>
     <span class='ocr_line' id='line_1_23' title="bbox 45 2423 1137 2515; baseline -0.005 -21"><span class='ocrx_word' id='word_1_213' title='bbox 45 2436 328 2515; x_wconf 68' lang='grc' dir='ltr'><em>προσκρεμαμένου</em></span> <span class='ocrx_word' id='word_1_214' title='bbox 341 2430 400 2492; x_wconf 82' lang='grc' dir='ltr'><strong>τοῦ</strong></span> <span class='ocrx_word' id='word_1_215' title='bbox 411 2431 526 2493; x_wconf 82' lang='grc' dir='ltr'><em>πλοίου</em></span> <span class='ocrx_word' id='word_1_216' title='bbox 536 2423 629 2508; x_wconf 75' lang='grc' dir='ltr'><strong><em>αὐτῇ,</em></strong></span> <span class='ocrx_word' id='word_1_217' title='bbox 651 2427 896 2509; x_wconf 70' lang='grc' dir='ltr'><strong><em>ἐδνοχρηοτοῖτο</em></strong></span> <span class='ocrx_word' id='word_1_218' title='bbox 912 2429 969 2490; x_wconf 81' lang='grc' dir='ltr'><strong>καὶ</strong></span> <span class='ocrx_word' id='word_1_219' title='bbox 983 2427 1137 2502; x_wconf 78' lang='grc' dir='ltr'><strong><em>δυσκινη-</em></strong></span> 
     </span>
     <span class='ocr_line' id='line_1_24' title="bbox 34 2513 1137 2621; baseline -0.003 -30"><span class='ocrx_word' id='word_1_220' title='bbox 34 2551 99 2621; x_wconf 56' lang='grc' dir='ltr'><strong>γτος</strong></span> <span class='ocrx_word' id='word_1_221' title='bbox 113 2524 170 2618; x_wconf 82' lang='lat' dir='ltr'><strong>(iu</strong></span> <span class='ocrx_word' id='word_1_222' title='bbox 182 2526 375 2594; x_wconf 78' lang='lat' dir='ltr'><strong>TauchoItz.</strong></span> <span class='ocrx_word' id='word_1_223' title='bbox 389 2526 528 2612; x_wconf 82' lang='lat' dir='ltr'><strong>exempl.</strong></span> <span class='ocrx_word' id='word_1_224' title='bbox 543 2525 664 2604; x_wconf 82' lang='lat' dir='ltr'><strong>vitiose</strong></span> <span class='ocrx_word' id='word_1_225' title='bbox 676 2521 889 2611; x_wconf 77' lang='grc' dir='ltr'><strong><em>δοσκινητας)</em></strong></span> <span class='ocrx_word' id='word_1_226' title='bbox 903 2513 941 2601; x_wconf 80' lang='grc' dir='ltr'><strong>ἦν</strong></span> <span class='ocrx_word' id='word_1_227' title='bbox 954 2515 1028 2589; x_wconf 66' lang='grc' dir='ltr'><strong>ποῖον’.</strong></span> <span class='ocrx_word' id='word_1_228' title='bbox 1072 2525 1137 2588; x_wconf 85' lang='grc' dir='ltr'><strong>Ηίο</strong></span> 
     </span>
     <span class='ocr_line' id='line_1_25' title="bbox 42 2620 1149 2710; baseline -0.007 -16"><span class='ocrx_word' id='word_1_229' title='bbox 42 2630 130 2694; x_wconf 89' lang='lat' dir='ltr'><strong>enim</strong></span> <span class='ocrx_word' id='word_1_230' title='bbox 144 2626 230 2710; x_wconf 77' lang='grc' dir='ltr'><strong>αὐτῇ</strong></span> <span class='ocrx_word' id='word_1_231' title='bbox 248 2647 295 2696; x_wconf 84' lang='lat' dir='ltr'><strong>ex</strong></span> <span class='ocrx_word' id='word_1_232' title='bbox 316 2631 453 2710; x_wconf 80' lang='lat' dir='ltr'><strong>conJect.</strong></span> <span class='ocrx_word' id='word_1_233' title='bbox 476 2626 661 2693; x_wconf 84' lang='lat' dir='ltr'><strong>Casauboui</strong></span> <span class='ocrx_word' id='word_1_234' title='bbox 683 2624 802 2689; x_wconf 89' lang='lat' dir='ltr'><strong>editum</strong></span> <span class='ocrx_word' id='word_1_235' title='bbox 821 2631 883 2699; x_wconf 89' lang='lat' dir='ltr'><strong>est,</strong></span> <span class='ocrx_word' id='word_1_236' title='bbox 907 2624 960 2699; x_wconf 85' lang='lat' dir='ltr'><strong>ed.</strong></span> <span class='ocrx_word' id='word_1_237' title='bbox 983 2620 1149 2706; x_wconf 75' lang='lat' dir='ltr'><strong>Hervag.</strong></span> 
     </span>
    </p>

    <p class='ocr_par' dir='ltr' id='par_1_5' title="bbox 10 2712 1254 3210">
     <span class='ocr_line' id='line_1_26' title="bbox 10 2712 1135 2813; baseline -0.005 -20"><span class='ocrx_word' id='word_1_238' title='bbox 10 2712 15 2723; x_wconf 66' lang='grc'><strong>’</strong></span> <span class='ocrx_word' id='word_1_239' title='bbox 45 2747 117 2793; x_wconf 87' lang='lat' dir='ltr'><strong>cum</strong></span> <span class='ocrx_word' id='word_1_240' title='bbox 137 2748 219 2793; x_wconf 86' lang='lat' dir='ltr'><strong>mss.</strong></span> <span class='ocrx_word' id='word_1_241' title='bbox 242 2727 341 2813; x_wconf 85' lang='lat' dir='ltr'><strong>habet</strong></span> <span class='ocrx_word' id='word_1_242' title='bbox 361 2725 474 2803; x_wconf 85' lang='grc' dir='ltr'><strong><em>αὐτοῖς</em></strong></span> <span class='ocrx_word' id='word_1_243' title='bbox 496 2734 531 2792; x_wconf 87' lang='lat' dir='ltr'><strong>et</strong></span> <span class='ocrx_word' id='word_1_244' title='bbox 546 2725 643 2812; x_wconf 84' lang='lat' dir='ltr'><strong>Bayi.</strong></span> <span class='ocrx_word' id='word_1_245' title='bbox 667 2722 774 2802; x_wconf 81' lang='grc' dir='ltr'><strong>αὐτῆς.</strong></span> <span class='ocrx_word' id='word_1_246' title='bbox 818 2723 979 2810; x_wconf 79' lang='lat' dir='ltr'><strong>Equidem</strong></span> <span class='ocrx_word' id='word_1_247' title='bbox 1000 2723 1135 2811; x_wconf 74' lang='lat' dir='ltr'><strong>conjicIo</strong></span> 
     </span>
     <span class='ocr_line' id='line_1_27' title="bbox 44 2823 1138 2912; baseline -0.006 -18"><span class='ocrx_word' id='word_1_248' title='bbox 44 2829 204 2912; x_wconf 79' lang='lat' dir='ltr'><strong>seriptum</strong></span> <span class='ocrx_word' id='word_1_249' title='bbox 225 2828 326 2907; x_wconf 62' lang='lat' dir='ltr'><strong>[obsec</strong></span> <span class='ocrx_word' id='word_1_250' title='bbox 346 2837 416 2901; x_wconf 82' lang='grc' dir='ltr'><strong><em>τοῖς</em></strong></span> <span class='ocrx_word' id='word_1_251' title='bbox 436 2823 590 2908; x_wconf 80' lang='grc' dir='ltr'><strong><em>ναύταις,</em></strong></span> <span class='ocrx_word' id='word_1_252' title='bbox 610 2829 657 2892; x_wconf 82' lang='lat' dir='ltr'><strong>ita</strong></span> <span class='ocrx_word' id='word_1_253' title='bbox 679 2831 714 2890; x_wconf 86' lang='lat' dir='ltr'><strong>ut</strong></span> <span class='ocrx_word' id='word_1_254' title='bbox 735 2829 811 2909; x_wconf 86' lang='lat' dir='ltr'><strong>post</strong></span> <span class='ocrx_word' id='word_1_255' title='bbox 831 2827 945 2888; x_wconf 81' lang='grc' dir='ltr'><em>πλοίου</em></span> <span class='ocrx_word' id='word_1_256' title='bbox 966 2825 1138 2908; x_wconf 82' lang='lat' dir='ltr'><strong>interpun-</strong></span> 
     </span>
     <span class='ocr_line' id='line_1_28' title="bbox 43 2926 1180 3010; baseline -0.004 -17"><span class='ocrx_word' id='word_1_257' title='bbox 43 2933 141 3010; x_wconf 82' lang='lat' dir='ltr'><strong>gatur</strong></span> <span class='ocrx_word' id='word_1_258' title='bbox 163 2931 198 2990; x_wconf 88' lang='lat' dir='ltr'><strong>et</strong></span> <span class='ocrx_word' id='word_1_259' title='bbox 218 2927 271 2992; x_wconf 92' lang='lat' dir='ltr'><strong>hie</strong></span> <span class='ocrx_word' id='word_1_260' title='bbox 292 2926 578 3010; x_wconf 77' lang='lat' dir='ltr'><strong>dativus&#39;regatur</strong></span> <span class='ocrx_word' id='word_1_261' title='bbox 598 2929 638 2992; x_wconf 86' lang='lat' dir='ltr'><strong>ab</strong></span> <span class='ocrx_word' id='word_1_262' title='bbox 660 2928 917 3008; x_wconf 75' lang='grc' dir='ltr'><strong><em>ἐδνσχρηστιῑτο,</em></strong></span> <span class='ocrx_word' id='word_1_263' title='bbox 941 2930 976 2991; x_wconf 86' lang='lat' dir='ltr'><strong>et</strong></span> <span class='ocrx_word' id='word_1_264' title='bbox 994 2928 1137 3007; x_wconf 66' lang='lat' dir='ltr'><strong>¹senten·</strong></span> <span class='ocrx_word' id='word_1_265' title='bbox 1176 2992 1180 2998; x_wconf 68' lang='grc'>,</span> 
     </span>
     <span class='ocr_line' id='line_1_29' title="bbox 45 3023 1254 3117; baseline 0 -27"><span class='ocrx_word' id='word_1_266' title='bbox 45 3027 91 3093; x_wconf 85' lang='lat' dir='ltr'><strong>tia</strong></span> <span class='ocrx_word' id='word_1_267' title='bbox 121 3023 185 3088; x_wconf 85' lang='lat' dir='ltr'><strong>sit:</strong></span> <span class='ocrx_word' id='word_1_268' title='bbox 227 3027 371 3109; x_wconf 84' lang='lat' dir='ltr'><strong>remiges</strong></span> <span class='ocrx_word' id='word_1_269' title='bbox 393 3046 511 3117; x_wconf 81' lang='lat' dir='ltr'><strong>navem</strong></span> <span class='ocrx_word' id='word_1_270' title='bbox 534 3047 599 3091; x_wconf 89' lang='lat' dir='ltr'><strong>non</strong></span> <span class='ocrx_word' id='word_1_271' title='bbox 620 3026 758 3110; x_wconf 86' lang='lat' dir='ltr'><strong>amplius</strong></span> <span class='ocrx_word' id='word_1_272' title='bbox 782 3025 863 3089; x_wconf 87' lang='lat' dir='ltr'><strong>bene</strong></span> <span class='ocrx_word' id='word_1_273' title='bbox 886 3026 1018 3101; x_wconf 83' lang='lat' dir='ltr'><strong>flectere</strong></span> <span class='ocrx_word' id='word_1_274' title='bbox 1039 3030 1137 3110; x_wconf 87' lang='lat' dir='ltr'><strong>pote·</strong></span> <span class='ocrx_word' id='word_1_275' title='bbox 1250 3111 1254 3114; x_wconf 26' lang='grc'>-</span> 
     </span>
     <span class='ocr_line' id='line_1_30' title="bbox 44 3121 1138 3210; baseline -0.001 -19"><span class='ocrx_word' id='word_1_276' title='bbox 44 3130 133 3191; x_wconf 81' lang='lat' dir='ltr'><strong>rant.</strong></span> <span class='ocrx_word' id='word_1_277' title='bbox 161 3123 221 3190; x_wconf 94' lang='grc'><strong>10.</strong></span> <span class='ocrx_word' id='word_1_278' title='bbox 244 3127 372 3210; x_wconf 76' lang='lat' dir='ltr'><strong>corrige</strong></span> <span class='ocrx_word' id='word_1_279' title='bbox 393 3126 427 3190; x_wconf 75' lang='grc' dir='ltr'><strong>δὲ</strong></span> <span class='ocrx_word' id='word_1_280' title='bbox 447 3123 838 3209; x_wconf 65' lang='grc' dir='ltr'><strong>ὲπιβοηθήοαντος..117,’</strong></span> <span class='ocrx_word' id='word_1_281' title='bbox 861 3124 895 3188; x_wconf 92' lang='grc'><strong>3.</strong></span> <span class='ocrx_word' id='word_1_282' title='bbox 918 3127 961 3189; x_wconf 80' lang='grc' dir='ltr'><strong>τα</strong></span> <span class='ocrx_word' id='word_1_283' title='bbox 989 3121 1078 3190; x_wconf 68' lang='grc' dir='ltr'><strong>ὅλα..</strong></span> <span class='ocrx_word' id='word_1_284' title='bbox 1096 3126 1138 3205; x_wconf 87' lang='lat' dir='ltr'>V,</span> 
     </span>
    </p>

    <p class='ocr_par' dir='ltr' id='par_1_6' title="bbox 45 3209 1203 3815">
     <span class='ocr_line' id='line_1_31' title="bbox 47 3209 1137 3311; baseline -0.003 -20"><span class='ocrx_word' id='word_1_285' title='bbox 47 3226 80 3293; x_wconf 85' lang='lat'><strong>1.</strong></span> <span class='ocrx_word' id='word_1_286' title='bbox 104 3226 158 3311; x_wconf 78' lang='lat' dir='ltr'><strong>a,</strong></span> <span class='ocrx_word' id='word_1_287' title='bbox 177 3223 227 3301; x_wconf 79' lang='lat' dir='ltr'><strong>b·</strong></span> <span class='ocrx_word' id='word_1_288' title='bbox 251 3224 354 3311; x_wconf 79' lang='lat' dir='ltr'><strong>viu,</strong></span> <span class='ocrx_word' id='word_1_289' title='bbox 376 3224 419 3289; x_wconf 79' lang='lat' dir='ltr'><strong>a..</strong></span> <span class='ocrx_word' id='word_1_290' title='bbox 435 3226 487 3309; x_wconf 78' lang='lat' dir='ltr'><strong>a,</strong></span> <span class='ocrx_word' id='word_1_291' title='bbox 507 3215 536 3308; x_wconf 68' lang='grc' dir='ltr'><strong>ᾗ.</strong></span> <span class='ocrx_word' id='word_1_292' title='bbox 557 3209 656 3303; x_wconf 70' lang='lat' dir='ltr'><strong>arv,</strong></span> <span class='ocrx_word' id='word_1_293' title='bbox 680 3223 716 3290; x_wconf 80' lang='grc' dir='ltr'><strong>ν.</strong></span> <span class='ocrx_word' id='word_1_294' title='bbox 747 3227 781 3290; x_wconf 84' lang='lat' dir='ltr'><strong>a·</strong></span> <span class='ocrx_word' id='word_1_295' title='bbox 810 3222 857 3288; x_wconf 70' lang='lat' dir='ltr'><strong>oo.</strong></span> <span class='ocrx_word' id='word_1_296' title='bbox 890 3223 990 3290; x_wconf 77' lang='lat' dir='ltr'><strong>aa</strong></span> <span class='ocrx_word' id='word_1_297' title='bbox 1015 3220 1137 3302; x_wconf 73' lang='grc' dir='ltr'><strong>αξιοος.</strong></span> 
     </span>
     <span class='ocr_line' id='line_1_32' title="bbox 46 3322 1203 3408; baseline -0.001 -17"><span class='ocrx_word' id='word_1_298' title='bbox 46 3322 81 3391; x_wconf 86' lang='grc'><strong>9.</strong></span> <span class='ocrx_word' id='word_1_299' title='bbox 103 3323 143 3391; x_wconf 86' lang='grc' dir='ltr'><strong>τὸ</strong></span> <span class='ocrx_word' id='word_1_300' title='bbox 160 3322 266 3402; x_wconf 79' lang='grc' dir='ltr'><strong><em>αὐτὸ,</em></strong></span> <span class='ocrx_word' id='word_1_301' title='bbox 290 3326 343 3391; x_wconf 92' lang='lat' dir='ltr'><strong>ubi</strong></span> <span class='ocrx_word' id='word_1_302' title='bbox 365 3324 458 3390; x_wconf 88' lang='lat' dir='ltr'><strong>codd.</strong></span> <span class='ocrx_word' id='word_1_303' title='bbox 480 3323 517 3389; x_wconf 83' lang='grc' dir='ltr'><strong>τὸ</strong></span> <span class='ocrx_word' id='word_1_304' title='bbox 540 3323 633 3402; x_wconf 84' lang='grc' dir='ltr'><strong><em>αὐτὸ,</em></strong></span> <span class='ocrx_word' id='word_1_305' title='bbox 657 3326 816 3390; x_wconf 85' lang='lat' dir='ltr'><strong>Reiskius</strong></span> <span class='ocrx_word' id='word_1_306' title='bbox 839 3333 946 3390; x_wconf 88' lang='lat' dir='ltr'><strong>tamen</strong></span> <span class='ocrx_word' id='word_1_307' title='bbox 968 3324 1052 3390; x_wconf 89' lang='lat' dir='ltr'><strong>bene</strong></span> <span class='ocrx_word' id='word_1_308' title='bbox 1069 3327 1139 3408; x_wconf 86' lang='lat' dir='ltr'><strong>jam</strong></span> <span class='ocrx_word' id='word_1_309' title='bbox 1201 3341 1203 3345; x_wconf 72' lang='grc'>’</span> 
     </span>
     <span class='ocr_line' id='line_1_33' title="bbox 46 3422 1139 3513; baseline -0.005 -20"><span class='ocrx_word' id='word_1_310' title='bbox 46 3427 192 3509; x_wconf 80' lang='lat' dir='ltr'><strong>conjecit</strong></span> <span class='ocrx_word' id='word_1_311' title='bbox 212 3423 323 3490; x_wconf 82' lang='grc' dir='ltr'><strong>ταύτὸ.</strong></span> <span class='ocrx_word' id='word_1_312' title='bbox 345 3429 445 3502; x_wconf 88' lang='lat' dir='ltr'>XVI,</span> <span class='ocrx_word' id='word_1_313' title='bbox 471 3422 505 3487; x_wconf 88' lang='grc'><strong>3.</strong></span> <span class='ocrx_word' id='word_1_314' title='bbox 527 3427 561 3489; x_wconf 75' lang='grc' dir='ltr'><strong>δὲ</strong></span> <span class='ocrx_word' id='word_1_315' title='bbox 583 3427 640 3490; x_wconf 77' lang='grc' dir='ltr'><strong>ἐπὶ.</strong></span> <span class='ocrx_word' id='word_1_316' title='bbox 662 3429 791 3513; x_wconf 91' lang='lat' dir='ltr'>XVIII,</span> <span class='ocrx_word' id='word_1_317' title='bbox 813 3423 850 3490; x_wconf 79' lang='grc'><strong>8.</strong></span> <span class='ocrx_word' id='word_1_318' title='bbox 873 3426 907 3488; x_wconf 80' lang='lat' dir='ltr'><strong>dd</strong></span> <span class='ocrx_word' id='word_1_319' title='bbox 929 3425 1139 3506; x_wconf 68' lang='grc' dir='ltr'><strong><em>ὑποθέμενος.</em></strong></span> 
     </span>
     <span class='ocr_line' id='line_1_34' title="bbox 48 3521 1139 3613; baseline -0.002 -21"><span class='ocrx_word' id='word_1_320' title='bbox 48 3526 111 3592; x_wconf 90' lang='grc'><strong>10.</strong></span> <span class='ocrx_word' id='word_1_321' title='bbox 134 3527 233 3591; x_wconf 74' lang='grc' dir='ltr'><strong><em>τοῦτο</em></strong></span> <span class='ocrx_word' id='word_1_322' title='bbox 255 3523 375 3590; x_wconf 73' lang='grc' dir='ltr'><strong>οὐκέτι.</strong></span> <span class='ocrx_word' id='word_1_323' title='bbox 404 3529 502 3604; x_wconf 89' lang='lat' dir='ltr'>XIX,</span> <span class='ocrx_word' id='word_1_324' title='bbox 526 3524 560 3589; x_wconf 80' lang='grc'><strong>7.</strong></span> <span class='ocrx_word' id='word_1_325' title='bbox 583 3521 619 3588; x_wconf 79' lang='grc' dir='ltr'><strong>Θ.</strong></span> <span class='ocrx_word' id='word_1_326' title='bbox 646 3531 680 3589; x_wconf 91' lang='lat' dir='ltr'><strong>et</strong></span> <span class='ocrx_word' id='word_1_327' title='bbox 711 3525 768 3588; x_wconf 87' lang='grc'><strong>10.</strong></span> <span class='ocrx_word' id='word_1_328' title='bbox 802 3527 837 3588; x_wconf 77' lang='grc' dir='ltr'><strong>δὲ</strong></span> <span class='ocrx_word' id='word_1_329' title='bbox 867 3522 894 3588; x_wconf 89' lang='grc' dir='ltr'><strong>ὁ.</strong></span> <span class='ocrx_word' id='word_1_330' title='bbox 926 3530 1007 3613; x_wconf 90' lang='lat' dir='ltr'><strong>XX,</strong></span> <span class='ocrx_word' id='word_1_331' title='bbox 1038 3524 1139 3590; x_wconf 57' lang='lat' dir='ltr'><strong>osu</strong></span> 
     </span>
     <span class='ocr_line' id='line_1_35' title="bbox 45 3623 1139 3713; baseline 0 -21"><span class='ocrx_word' id='word_1_332' title='bbox 45 3628 152 3709; x_wconf 75' lang='grc' dir='ltr'><strong>ἐσμὲν.</strong></span> <span class='ocrx_word' id='word_1_333' title='bbox 174 3629 274 3705; x_wconf 92' lang='lat' dir='ltr'>XXI,</span> <span class='ocrx_word' id='word_1_334' title='bbox 296 3624 332 3690; x_wconf 77' lang='lat' dir='ltr'><strong>S.</strong></span> <span class='ocrx_word' id='word_1_335' title='bbox 353 3627 408 3713; x_wconf 77' lang='grc' dir='ltr'><strong>δὲ,</strong></span> <span class='ocrx_word' id='word_1_336' title='bbox 429 3631 466 3690; x_wconf 79' lang='grc' dir='ltr'><strong>εἰ.</strong></span> <span class='ocrx_word' id='word_1_337' title='bbox 490 3628 605 3712; x_wconf 89' lang='lat' dir='ltr'>XXII,</span> <span class='ocrx_word' id='word_1_338' title='bbox 626 3623 660 3689; x_wconf 82' lang='lat'><strong>5.</strong></span> <span class='ocrx_word' id='word_1_339' title='bbox 696 3623 803 3690; x_wconf 81' lang='grc' dir='ltr'><strong><em>πάντα</em></strong></span> <span class='ocrx_word' id='word_1_340' title='bbox 825 3623 992 3704; x_wconf 75' lang='grc' dir='ltr'><strong>ἐζηλωκώς.</strong></span> <span class='ocrx_word' id='word_1_341' title='bbox 1015 3630 1139 3708; x_wconf 92' lang='lat' dir='ltr'>XXIII,</span> 
     </span>
     <span class='ocr_line' id='line_1_36' title="bbox 45 3714 1139 3815; baseline -0.002 -23"><span class='ocrx_word' id='word_1_342' title='bbox 45 3726 83 3793; x_wconf 84' lang='grc'><strong>3.</strong></span> <span class='ocrx_word' id='word_1_343' title='bbox 106 3727 206 3791; x_wconf 80' lang='grc' dir='ltr'><em>τοῦτο</em></span> <span class='ocrx_word' id='word_1_344' title='bbox 227 3723 368 3801; x_wconf 76' lang='grc' dir='ltr'><strong>εἰκότως.</strong></span> <span class='ocrx_word' id='word_1_345' title='bbox 390 3728 507 3791; x_wconf 87' lang='lat' dir='ltr'>XXIV</span> <span class='ocrx_word' id='word_1_346' title='bbox 514 3771 523 3804; x_wconf 86' lang='grc'>,</span> <span class='ocrx_word' id='word_1_347' title='bbox 547 3714 581 3787; x_wconf 78' lang='grc' dir='ltr'><strong>ὅ.</strong></span> <span class='ocrx_word' id='word_1_348' title='bbox 608 3725 641 3789; x_wconf 79' lang='grc' dir='ltr'><strong>δὲ</strong></span> <span class='ocrx_word' id='word_1_349' title='bbox 669 3723 930 3810; x_wconf 77' lang='grc' dir='ltr'><strong>ἀποβιαζόμενος.</strong></span> <span class='ocrx_word' id='word_1_350' title='bbox 965 3729 1083 3815; x_wconf 90' lang='lat' dir='ltr'>XXV,</span> <span class='ocrx_word' id='word_1_351' title='bbox 1105 3727 1139 3792; x_wconf 79' lang='grc'><strong>5.</strong></span> 
     </span>
    </p>

    <p class='ocr_par' dir='ltr' id='par_1_7' title="bbox 10 3816 1241 4107">
     <span class='ocr_line' id='line_1_37' title="bbox 10 3816 1141 3912; baseline -0.001 -19"><span class='ocrx_word' id='word_1_352' title='bbox 10 3816 78 3893; x_wconf 70' lang='grc' dir='ltr'><strong>’δὲ</strong></span> <span class='ocrx_word' id='word_1_353' title='bbox 105 3822 271 3912; x_wconf 77' lang='grc' dir='ltr'><strong><em>ἐπαύριον.</em></strong></span> <span class='ocrx_word' id='word_1_354' title='bbox 297 3830 430 3912; x_wconf 90' lang='lat' dir='ltr'>XXVI,</span> <span class='ocrx_word' id='word_1_355' title='bbox 458 3825 493 3890; x_wconf 83' lang='grc'><strong>7.</strong></span> <span class='ocrx_word' id='word_1_356' title='bbox 524 3826 558 3888; x_wconf 78' lang='grc' dir='ltr'><strong>δὲ</strong></span> <span class='ocrx_word' id='word_1_357' title='bbox 586 3825 759 3903; x_wconf 73' lang='grc' dir='ltr'><strong><em>ἐπιπολῆς.</em></strong></span> <span class='ocrx_word' id='word_1_358' title='bbox 788 3830 942 3912; x_wconf 90' lang='lat' dir='ltr'>XXVII,</span> <span class='ocrx_word' id='word_1_359' title='bbox 969 3826 1005 3892; x_wconf 83' lang='lat'><strong>3.</strong></span> <span class='ocrx_word' id='word_1_360' title='bbox 1033 3829 1141 3892; x_wconf 82' lang='grc' dir='ltr'><strong><em>ταῦτα</em></strong></span> 
     </span>
     <span class='ocr_line' id='line_1_38' title="bbox 41 3922 1140 4015; baseline 0 -23"><span class='ocrx_word' id='word_1_361' title='bbox 41 3924 204 4015; x_wconf 63' lang='grc' dir='ltr'><strong>οἰκούσας.</strong></span> <span class='ocrx_word' id='word_1_362' title='bbox 225 3929 390 4008; x_wconf 84' lang='lat' dir='ltr'>XXVIII,</span> <span class='ocrx_word' id='word_1_363' title='bbox 416 3923 450 3989; x_wconf 88' lang='grc'><strong>3.</strong></span> <span class='ocrx_word' id='word_1_364' title='bbox 472 3922 686 4007; x_wconf 74' lang='grc' dir='ltr'><strong><em>ἀποδέξαιτο,</em></strong></span> <span class='ocrx_word' id='word_1_365' title='bbox 717 3926 807 4006; x_wconf 86' lang='lat' dir='ltr'><strong>(dele</strong></span> <span class='ocrx_word' id='word_1_366' title='bbox 830 3931 970 4006; x_wconf 83' lang='lat' dir='ltr'><strong>commo)</strong></span> <span class='ocrx_word' id='word_1_367' title='bbox 1004 3926 1073 4007; x_wconf 85' lang='grc' dir='ltr'><strong>οὐχ.</strong></span> <span class='ocrx_word' id='word_1_368' title='bbox 1104 3922 1140 3992; x_wconf 83' lang='grc'><strong>0.</strong></span> 
     </span>
     <span class='ocr_line' id='line_1_39' title="bbox 41 4017 1241 4107; baseline 0 -11"><span class='ocrx_word' id='word_1_369' title='bbox 41 4030 76 4096; x_wconf 75' lang='grc' dir='ltr'><strong>δὲ</strong></span> <span class='ocrx_word' id='word_1_370' title='bbox 98 4031 148 4094; x_wconf 85' lang='grc' dir='ltr'><strong>αἱ.</strong></span> <span class='ocrx_word' id='word_1_371' title='bbox 170 4029 305 4106; x_wconf 88' lang='lat' dir='ltr'>XXIX,</span> <span class='ocrx_word' id='word_1_372' title='bbox 329 4023 363 4092; x_wconf 70' lang='grc'><strong>3.</strong></span> <span class='ocrx_word' id='word_1_373' title='bbox 378 4022 464 4107; x_wconf 81' lang='grc' dir='ltr'><strong><em>Ἵνα,</em></strong></span> <span class='ocrx_word' id='word_1_374' title='bbox 485 4023 552 4091; x_wconf 75' lang='grc' dir='ltr'><strong>ἐὰν.</strong></span> <span class='ocrx_word' id='word_1_375' title='bbox 574 4029 687 4104; x_wconf 91' lang='lat' dir='ltr'>XXX,</span> <span class='ocrx_word' id='word_1_376' title='bbox 709 4023 746 4093; x_wconf 78' lang='lat'><strong>4.</strong></span> <span class='ocrx_word' id='word_1_377' title='bbox 775 4022 859 4092; x_wconf 82' lang='grc' dir='ltr'><em>ὥστε</em></span> <span class='ocrx_word' id='word_1_378' title='bbox 880 4023 981 4106; x_wconf 74' lang='grc' dir='ltr'><strong><em>οὗτοι,</em></strong></span> <span class='ocrx_word' id='word_1_379' title='bbox 1008 4029 1063 4095; x_wconf 88' lang='lat' dir='ltr'><strong>ubi</strong></span> <span class='ocrx_word' id='word_1_380' title='bbox 1084 4035 1141 4096; x_wconf 79' lang='lat' dir='ltr'><strong>to··</strong></span> <span class='ocrx_word' id='word_1_381' title='bbox 1196 4017 1198 4021; x_wconf 41' lang='grc'><strong>’</strong></span> <span class='ocrx_word' id='word_1_382' title='bbox 1237 4047 1241 4052; x_wconf 89' lang='grc'><strong>’</strong></span> 
     </span>
    </p>
   </div>
   <div class='ocr_carea' id='block_1_3' title="bbox 899 4163 939 4225">
    <p class='ocr_par' dir='ltr' id='par_1_8' title="bbox 899 4163 939 4225">
     <span class='ocr_line' id='line_1_40' title="bbox 899 4163 939 4225; baseline 0.025 -1"><span class='ocrx_word' id='word_1_383' title='bbox 899 4163 939 4225; x_wconf 88' lang='grc'><strong>18</strong></span> 
     </span>
    </p>
   </div>
   <div class='ocr_carea' id='block_1_4' title="bbox 0 0 1306 4514">
    <p class='ocr_par' dir='ltr' id='par_1_9' title="bbox 0 0 1306 4514">
     <span class='ocr_line' id='line_1_41' title="bbox 0 0 1306 4514; baseline 0 0"><span class='ocrx_word' id='word_1_384' title='bbox 0 0 1306 4514; x_wconf 95' lang='lat' dir='ltr'><strong> </strong></span> 
     </span>
    </p>
   </div>
  </div>
 </body>
</html>
