2580 4514
469 174 747 236 ..51-

56 338 134 406 lies
154 336 242 405 enim
262 354 327 404 non
348 337 421 421 elus
441 343 496 405 ert
517 338 687 426 momenti,
728 343 764 405 ut
791 355 863 406 eam
890 340 966 406 aliis
986 341 1092 409 etiem
1119 341 1153 410 iu

57 430 143 506 loeis
170 444 284 506 orator
307 436 459 504 debuerit
485 454 744 506 commemorare.
792 437 846 506 Do
873 441 946 526 ipss
974 449 1083 511 eutem
1110 441 1153 509 de

59 559 178 628 muso,
198 539 274 626 qnia
294 539 415 606 multoe
435 556 492 606 res
512 539 699 624 truduntur,
729 559 812 628 quae
832 543 1007 608 memoriae
1027 544 1152 609 illorum

59 648 239 728 temporum
252 633 462 727 inserviunt,
505 640 747 707 Winiewskius
769 643 913 730 censuit,
956 662 1016 708 eus
1038 649 1151 728 portes
1231 646 1250 663 “

58 743 221 826 genuinos
241 737 542 831 esso(V.1eomm.
565 742 677 807 ohron.
703 739 794 807 190.
816 738 882 832 n).
924 741 1152 823 onerantem

58 841 267 927 denique'de
281 841 457 926 jejunitrto
478 842 618 927 quodum
645 842 804 909 orationis
829 849 865 908 et
893 843 1087 911 o-Beokero
1114 850 1166 927 otx

58 941 284 1010 o'Setrueiero
310 942 559 1028 'uiroiernuturffi
576 962 643 1009 non
672 958 808 1029 prorsus
837 944 1046 1032 negaverim,
1088 942 1151 1011 sed

58 1043 160 1110 multt
180 1042 686 1129 gmuiter·et-eiegunter¹dioto
707 1046 940 1130 opposuerim-
997 1086 1000 1091 -
1052 1068 1055 1073 ·
1089 1104 1095 1113 .
1137 1106 1140 1111 .

26 1193 30 1199 .
89 1180 92 1185 ·
143 1140 200 1209 lux
216 1143 263 1207 :iis
282 1141 400 1231 igitur,
426 1163 511 1229 quoe
531 1146 619 1209 uuue'
637 1150 714 1211 sunt
738 1144 923 1231 disputato,
954 1145 1151 1233 perspicies·

56 1243 193 1331 primunt
220 1248 370 1326 ritrigndm
398 1245 556 1311 orationis
583 1250 711 1330 purtem
742 1246 1151 1332 osei010·quodsm'ho-

57 1346 145 1411 min'e
165 1343 242 1409 sive
262 1361 289 1409 u.
304 1343 436 1408 rhetore
457 1343 639 1410 sthoiarum
659 1344 840 1429 gratiu'hio
854 1365 934 1412 esso
952 1367 995 1413 ex
1008 1353 1091 1413 or'ot
1105 1348 1150 1414 do

59 1442 220 1511 Cherson.
249 1444 402 1529 petitum,
445 1443 533 1509 nnde
554 1437 662 1529 quiin
683 1444 764 1511 iocis
785 1446 920 1512 insertis
942 1447 1150 1534 reperiuntur

57 1546 185 1625 hiatus,
205 1544 312 1610 veluti
336 1539 432 1625 147,
455 1541 520 1609 611.
542 1541 755 1626 ἀδικούμενοι.
770 1542 935 1630 ἀρνῶνται
954 1569 1019 1616 nou
1041 1550 1148 1635 tetigi.

58 1644 155 1727 onon
177 1643 333 1729 Ridiger.
353 1652 461 1710 autem
482 1644 562 1712 dioit
583 1646 686 1713 verbu
705 1643 742 1733 s.
756 1643 820 1712 20.
843 1668 887 1714 ex
908 1648 989 1715 orit.
1002 1649 1096 1715 Phil.
1120 1647 1150 1739 1,

57 1744 134 1830 47,
155 1743 226 1811 95.
250 1762 330 1811 esse
349 1744 486 1832 petitu-,I
505 1762 577 1811 ¹non
599 1751 634 1812 te
655 1747 827 1835 movebitj·
860 1756 937 1814 sunt
957 1750 1043 1816 euim
1065 1751 1158 1817 huod

56 1847 130 1914 sols
150 1845 270 1912 verbu-t
290 1846 356 1908 tuot
376 1845 435 1908 νῦν
454 1866 491 1926 ys
511 1847 610 1927 γέλως
631 1849 720 1910 ἐστὶν
738 1846 782 1922 ὡς
800 1846 964 1932 χρώμεθα
983 1861 1054 1927 τοῖς
1067 1848 1149 1936 πρά-

55 1968 200 2031 γμασιν,
241 1962 326 2031 quoe
347 1943 515 2030 quominus
535 1946 670 2031 saepius
690 1950 896 2032 repetuntur,
938 1951 983 2016 nii
1004 1951 1150 2037 impedit,

55 2050 131 2134 ipso
152 2044 402 2131 Dionysio-Vl,
427 2042 543 2111 1127.
575 2047 735 2129 docente,
778 2048 917 2114 eundem
951 2052 1149 2118 sententium

55 2144 254 2213 interdums
267 2143 492 2210 Demosthene
513 2146 630 2230 repeti,
650 2148 770 2232 qnippe
789 2134 841 2212 oui
857 2166 960 2232 saepe
977 2149 1018 2212 de
1033 2152 1149 2214 eudem
1222 2224 1225 2228 ,

55 2265 95 2313 re
115 2251 211 2312 esset
232 2243 412 2315 dicendum.
443 2246 560 2310 Nostri
574 2253 723 2312 oratores
735 2247 823 2312 sueri
836 2247 870 2313 id
883 2248 1030 2332 apertius
1049 2246 1149 2312 etium
1262 2258 1266 2265 ’

55 2352 92 2412 et
113 2346 249 2423 saepius
272 2345 403 2410 fneinnt
436 2344 569 2412 Deinde
581 2346 739 2403 mentionis
755 2346 882 2433 reliquo
894 2364 974 2432 purs
988 2366 1045 2412 our
1060 2347 1150 2413 indi-

56 2459 124 2526 gno
135 2440 182 2504 sit
194 2436 433 2523 Demosthenen-
443 2436 582 2502 nondum
595 2454 674 2503 esse
688 2438 772 2504 sutis
786 2438 1051 2532 demonstratum,
1073 2465 1150 2512 ser·

55 2541 164 2608 monis
178 2545 285 2604 uutem
298 2537 583 2619 conformationem
598 2537 735 2604 eundem
748 2559 842 2624 quum
855 2541 891 2610 in
902 2539 1150 2624 outonispubti-

57 2643 108 2708 eis
118 2638 354 2706 Demosthenis
368 2638 569 2705 orationibus
582 2656 661 2704 esse
675 2635 863 2704 ostendisse
874 2637 1090 2704 mihivideor.
1144 2716 1147 2722 ¹

142 2740 184 2805 ln
204 2739 351 2805 oratione
378 2736 531 2826 quoend
559 2736 750 2823 Philippi
779 2739 998 2824 epistolum
1026 2759 1046 2805 u
1073 2738 1149 2806 Do·-

58 2841 232 2910 mosthen'e
252 2839 368 2905 hebitu-
384 2857 464 2905 esse
484 2839 617 2920 dieitur,
661 2857 742 2904 sone
768 2839 855 2907 olind
886 2839 1016 2906 dicendi
1042 2859 1149 2924 genus
1182 2880 1197 2891 ·

58 2950 157 3031 utque
179 2942 212 3007 in
227 2939 491 3017 Demostheniois
512 2939 684 3026 reperitur.
727 2940 792 3006 Hie
812 2941 897 3007 enim
918 2960 983 3006 non
1004 2946 1054 3006 tot
1076 2941 1151 3007 trin-

59 3052 131 3133 tus‚
151 3042 353 3129 qonpnuss
366 3041 534 3126 quaedum
554 3045 624 3125 est,
656 3040 715 3106 hiu'
730 3060 795 3106 nou
824 3046 873 3106 tot
898 3041 1010 3106 histos
1038 3047 1096 3106 out
1118 3041 1150 3107 si

58 3146 112 3211 vis
133 3141 440 3210 otisionesuoootis
459 3164 484 3207 u
505 3141 539 3206 iu
560 3138 751 3228 adjectivis,
779 3141 959 3228 participiis
989 3146 1023 3206 et
1044 3141 1150 3207 uomi-

58 3246 186 3324 nibus‚.
216 3243 270 3308 hio
306 3261 371 3307 non
399 3246 448 3307 tot
473 3241 607 3320 uirtus,
649 3242 931 3327 quos.portiouiue
963 3243 1043 3318 καὶ,
1086 3237 1149 3319 ὅτι,

60 3350 104 3425 rt,
133 3341 210 3424 viset
230 3342 355 3409 similes
375 3341 516 3420 iueiunt,
541 3341 707 3430 reperies,
736 3342 797 3408 sed
818 3341 934 3407 simite-
946 3341 1062 3406 hiatus
1076 3342 1151 3407 evi·-

59 3444 150 3513 undi
175 3443 317 3509 studium
346 3462 440 3528 quom
468 3442 502 3506 in
530 3442 687 3508 Isocrate.
713 3450 724 3503 .’
741 3443 832 3509 -i‘ost
854 3441 1150 3528 interpunctionem
1200 3458 1210 3475 1‘

58 3547 164 3613 hebes
190 3543 312 3611 hiatum
333 3541 438 3624 153,
461 3539 498 3607 6.
527 3547 787 3628 προτρέψονται,
828 3539 866 3617 ὃς
889 3547 928 3608 et
958 3538 1053 3627 158,
1084 3539 1149 3608 22·

59 3643 265 3730 ἀμύνεσθαι,
286 3638 390 3708 ἀλλὰ.
433 3643 520 3709 Nom
548 3639 651 3721 154„
665 3638 701 3707 D.
732 3643 775 3709 iu.
796 3642 926 3708 verbis:
955 3640 1151 3725 κινδυνεύειν

57 3744 135 3833 ὑπὲρ
156 3739 369 3809 aurosum
394 3761 424 3811 o.
448 3742 590 3827 Aug.-.i.
612 3738 708 3807 Harl.-
737 3741 783 3806 Σ.
815 3743 923 3807 scribo
952 3739 1063 3807 αὐτῶν
1089 3760 1149 3829 pro

58 3844 181 3922 αὐτοῦ,
205 3845 365 3929 protento
387 3843 579 3912 Sohueiero.
622 3842 707 3908 Num
728 3840 889 3929 idipsum
910 3847 1024 3926 negut-
1039 3847 1151 3907 orator

55 3944 260 4015 liueedones
281 3944 369 4013 velte
392 3950 539 4032 pugnure
560 3948 596 4008 et
617 3940 760 4029 qnotidie
781 3943 927 4028 pericula
955 3942 1064 4008 subire
1090 3960 1150 4026 pro

55 4048 128 4115 suis
148 4047 172 4113 1.
204 4040 235 4111 e.
262 4063 307 4112 ne
336 4047 427 4133 suis,
457 4044 532 4112 dum
556 4043 621 4129 ipsi
650 4042 778 4128 ausint,
805 4042 880 4109 moti
902 4041 976 4130 quid
998 4040 1065 4108 tint.
1113 4038 1152 4108 A
