2564 4508
508 124 776 192 ..4554-

72 281 258 361 ἐνιαυτοὺς
277 279 387 372 tamn.
416 285 571 356 Proxima
586 289 624 362 ,ei
645 307 707 376 per
726 288 1014 374 interrogationem
1032 289 1111 357 σόοι
1130 289 1183 359 ei-

76 383 226 455 terenda
252 385 309 453 vet
341 383 403 451 οὐκ·
429 387 614 455 mutandum
644 391 678 455 in
703 387 834 457 οὐκοῦν.
877 389 1085 461 Sententiam
1117 389 1181 457 ioei

78 483 173 553 hane
196 503 276 552 ease
298 484 394 555 dicit:
437 487 523 555 Sed
546 507 680 575 aeque
700 488 832 556 mundi
853 489 1074 561 interitum
1102 510 1181 575 ego

79 585 291 668 admitto,
333 605 467 673 neque
494 589 596 670 aiia,
639 581 746 676 qnae
769 591 865 657 fieri
892 609 971 657 non
1004 596 1180 676 possunt

81 680 281 777 (quoram
303 685 471 778 etiam),
508 690 648 775 qualis
670 697 738 757 eat
758 691 1092 759 commemoratio
1114 689 1183 758 vei

84 786 355 872 praedicatio
381 809 519 856 vocum
546 792 737 877 inprimis
763 791 951 859 cornicis
981 799 1023 858 et
1053 790 1184 874 terti,

84 905 192 974 qnos
214 887 418 959 dicuntia
447 893 585 961 miram
613 892 815 978 quandam
840 911 1034 962 annorum
1068 911 1182 958 sam-

84 1007 187 1057 mam
208 990 394 1057 extendi.
424 992 573 1058 Nonne
593 1011 920 1060 annus-nonne
940 992 1084 1078 inepte
1104 991 1182 1065 ho·

86 1087 210 1155 minis
241 1095 358 1157 aetas
378 1085 568 1159 dieitur?
609 1091 781 1180 Xylander
801 1099 916 1169 contra
937 1094 1042 1159 iocum
1063 1093 1181 1167 vertit:
1218 1096 1222 1103 '

86 1187 164 1255 sed
186 1207 318 1275 neque
339 1192 473 1263 mundi
495 1194 708 1261 interitum
729 1213 805 1279 ego
827 1194 1021 1279 admitto,
1052 1211 1182 1280 neque

88 1288 194 1375 alia,
222 1310 329 1375 quae
352 1294 456 1360 fieri
479 1314 558 1361 non
581 1301 745 1379 queunt:
776 1313 863 1361 oum
886 1293 1060 1361 maxime
1089 1294 1183 1378 ipsa

90 1409 175 1459 vox
198 1391 380 1462 aorniois
401 1401 440 1459 et
462 1395 582 1460 eervi
604 1401 782 1481 moneat,
823 1395 863 1459 in
886 1392 1038 1459 tantam
1058 1411 1182 1459 anno·
1262 1464 1264 1471 ,

87 1504 172 1558 ram
193 1511 384 1559 summam
405 1513 657 1563 excrescere
678 1515 757 1563 noa
786 1513 913 1580 posse
943 1512 1033 1559 ram.
1074 1492 1182 1580 aqui·
1209 1512 1211 1516 ’

89 1593 163 1662 dem
186 1592 290 1659 locum
313 1594 359 1661 ita
382 1594 536 1662 emendor
578 1594 611 1659 N
620 1614 668 1661 on
688 1594 876 1674 admitto,
898 1594 1016 1680 inquit,
1047 1593 1182 1659 omnia

88 1713 157 1780 aa,
181 1712 285 1780 qnae
307 1693 404 1763 fiori
425 1701 636 1780 nequeunt
667 1693 727 1775 (τὰ
748 1690 921 1776 ἀμήχανα)
957 1698 1001 1761 et
1029 1710 1097 1778 ea,
1129 1712 1182 1761 ex

89 1793 261 1882 quibas,
303 1793 397 1860 dico
427 1793 542 1863 diota
568 1796 743 1866 maxime
764 1793 813 1861 de
834 1795 1001 1866 carniae
1023 1800 1065 1865 et
1084 1811 1182 1861 eer-

88 1912 159 1979 vo‚
201 1894 436 1963 recordatio
481 1892 689 1978 (ὑπόμνησις)
732 1901 818 1982 eat,
859 1912 1071 1979 emergere
1107 1895 1183 1962 sive

88 1994 210 2061 exire
231 1994 382 2061 modum
415 1997 466 2076 (in
486 2016 642 2079 annornm
664 2015 794 2063 numero
816 1995 1016 2075 definiendo)
1051 2012 1180 2062 exee-

86 2093 265 2180 tientes,¹
277 2096 324 2164 ita
341 2101 376 2160 ut
390 2098 440 2160 ἐπὶ
452 2095 623 2163 delendum
640 2117 719 2164 esse
737 2115 901 2163 censeam.
921 2093 1136 2165 (lxxiiii).
1149 2115 1180 2169 e.

85 2195 121 2259 in
134 2194 264 2263 vertis:
286 2193 391 2270 ἄλλοις
411 2193 475 2282 γὰρ
496 2194 826 2286 ἐσχορὸναρετὴνκαὶ
840 2197 959 2261 κακίαν
972 2194 1055 2263 εἶναι
1076 2193 1181 2263 νἰσθε-

82 2297 133 2372 νὲς
155 2297 297 2375 λέγομεν,
318 2292 357 2360 οὐ
379 2295 457 2378 πρὸς
477 2296 634 2378 διαμονὴν
654 2300 712 2362 καὶ
733 2295 880 2363 ὃινὶλνσιν
900 2293 1061 2382 σώματος,
1083 2297 1181 2381 vulgo
1263 2365 1266 2373 ,

86 2391 253 2469 ἀσθενοῦς
276 2397 463 2477 λεγομένου,
507 2395 584 2484 πρὸς
606 2398 746 2484 habent,
787 2395 820 2461 in
841 2395 958 2481 quibus
979 2395 1201 2479 corrigendis*

85 2495 207 2561 Amiot
229 2496 329 2561 Tora.
346 2495 422 2582 Xyi
436 2497 476 2561 T.
493 2498 532 2563 V.
557 2504 595 2579 (e
606 2497 732 2565 duobus
748 2495 801 2562 his
817 2497 850 2566 in
864 2493 930 2564 ind.
942 2494 1021 2587 Var.
1038 2495 1087 2561 sio·
1101 2513 1180 2560 eno·
1237 2491 1241 2497 '

85 2603 190 2667 tatur:
213 2593 352 2674 ἀσθενὲς
373 2597 428 2662 vel
442 2595 571 2677 ἀσθενῆ
586 2596 758 2682 λεγόμενον
774 2593 813 2661 οὐ
824 2593 919 2685 πρὸς)
935 2595 1023 2667 Men·
1035 2594 1076 2663 R·
1087 2601 1179 2660 reete

88 2699 309 2769 consentiunt.
369 2698 409 2765 ln
428 2699 602 2783 Wyttenb.
625 2699 746 2767 vitiose
767 2701 803 2763 et
823 2698 856 2761 in
884 2703 976 2765 texta
998 2702 1033 2762 et
1050 2697 1178 2761 innota

87 2796 243 2872 ἀσθενεῖς
258 2787 390 2881 iegitur.
424 2797 593 2882 Egeriam
609 2797 781 2871 delendum
797 2816 876 2870 east
890 2815 1019 2869 censeo.
1041 2793 1077 2863 C·
1084 2797 1178 2862 XXI.

87 2896 183 2963 421.
197 2917 227 2968 c·
243 2897 364 2965 verba:
387 2900 432 2980 τῷ
455 2898 483 2963 δ’
499 2897 727 2971 ἀποκτείναντι
742 2893 812 2981 μήτ’
831 2903 924 2967 ἐννέα
937 2897 1027 2975 ἐτῶν,
1047 2891 1117 2977 μήτ’
1134 2898 1180 2968 εἰς

88 2996 132 3067 τὰ
151 2999 264 3079 Τέμπη
277 2999 435 3078 γενέσθαι
444 2995 503 3076 τόν
514 2996 635 3087 φυγὴν,
648 2995 716 3067 ἀλλ’
732 2995 911 3069 ἐκπεσόντα
926 2997 1040 3065 ἐλθεῖν
1051 2996 1180 3077 alciae-

88 3123 148 3182 ρον
161 3096 302 3179 κόσμον·
326 3094 459 3186 ὕστερόν
471 3097 500 3165 0⁹
514 3123 544 3165 κ.
557 3124 588 3164 τ.
601 3101 629 3165 λ.
645 3101 743 3184 vulgo
762 3100 812 3165 ita
833 3103 909 3185 post
929 3097 1041 3178 Τέμπη
1064 3097 1180 3181 legun-

88 3207 165 3265 tur:
207 3201 365 3280 γενέσθαι
392 3197 476 3280 μετὰ
503 3202 562 3265 τοῦ
590 3207 707 3286 φυγεῖν
727 3195 829 3265 αὐτόν
850 3192 1027 3265 ἐκπεσόντα
1047 3195 1180 3281 κόσμον.

89 3300 190 3367 Turn.
212 3299 324 3364 habet:
345 3298 428 3381 μετόν
450 3301 547 3367 τοῦτο
569 3295 687 3387 φυγὴν,
708 3296 776 3366 ἀλλ’
798 3295 900 3365 αὐτὸν
921 3293 1098 3367 ἐκπεσόντα
1119 3295 1180 3365 κό-

85 3422 185 3481 σμον.
210 3399 300 3466 Volo.
322 3399 404 3480 μετὰ
425 3398 531 3483 τούτῳ
552 3409 679 3487 φυγεῖν,
701 3395 775 3467 ἀλλ’
800 3396 903 3467 αὐτὸν
925 3396 1103 3467 ἐκπεσόντα
1124 3401 1181 3465 κό-

86 3523 183 3579 σμον.
214 3500 373 3569 Reiskius
399 3501 464 3586 legi
494 3501 586 3569 vuit:
630 3499 678 3585 roi
710 3496 742 3564 δ’
767 3497 995 3569 ἀποκτείναντι
1021 3497 1099 3580 μήτ’
1125 3505 1179 3566 ἐν-

86 3608 145 3667 νέα
175 3601 256 3666 ἐτῶν
283 3603 442 3683 γενέσθαι
463 3596 591 3687 φυγήν,
630 3595 707 3683 μήτ’
731 3605 778 3676 εἰς
797 3596 840 3671 τόν
867 3599 979 3681 Τέμπη
999 3607 1180 3685 anonyma-

85 3701 174 3766 σθαι
194 3697 278 3782 μετὰ
299 3699 358 3778 τὴν
379 3698 488 3788 φυγὴν
507 3696 640 3779 αὐτόν,
655 3695 887 3771 ἀλλὰ-αὐτον
908 3701 968 3767 τοῦ
988 3695 1070 3765 καθ’
1095 3694 1179 3779 ἡμᾶς

88 3799 267 3871 ἐκπεσόντα
287 3800 422 3882 κόσμον.
445 3798 609 3871 Faehsius
631 3798 785 3890 conjecit:
811 3799 858 3887 τῷ
879 3795 910 3867 ὅ
934 3795 1050 3869 aaron.
1071 3820 1105 3878 μ.
1125 3803 1179 3863 ἐν-

86 3909 144 3970 rte
165 3902 246 3968 ἐτῶν
267 3896 393 3988 φυγὴν,
413 3897 482 3983 μήτ’
506 3904 532 3969 ἐ.
552 3925 581 3965 τ.
610 3899 651 3967 Τ.
675 3923 707 3985 y.
729 3893 812 3983 μετὰ
832 3892 1006 3984 τόφνγεῖν
1025 3893 1180 3964 κάθοδον

84 4010 230 4071 ἐκπεσεῖν
251 4025 286 4068 τε
306 4001 452 4085 κόσμον,
491 4004 538 4069 At
559 4000 638 4073 mihi
659 3996 781 4072 Βησοῦ.
803 3999 838 4065 in
861 3999 977 4085 l'raep.
994 3995 1122 4083 Evang.
1141 3999 1179 4079 V,
1208 4074 1211 4080 ,
