2564 4508
345 155 748 225 ,,-461-

75 324 148 394 nim
164 321 253 391 ratio
274 322 351 389 sive
372 320 522 389 doctrine
535 323 878 410 contemplativnesse
891 320 1020 412 dieitur,
1039 324 1074 394 id
1094 344 1159 397 uun

75 431 176 494 ntest
190 424 334 491 activum
348 422 422 509 dici,
437 422 535 511 idque
547 425 604 504 itu,
626 430 662 490 nt
674 424 857 512 oppositum
869 427 914 491 sit
928 428 1158 516 contemplati—

74 544 116 593 ὀ.
142 523 273 592 Doleas
286 524 384 609 igitur
397 524 500 589 verbu
520 525 579 589 τοῦ
600 523 701 607 λόγου
722 525 927 609 θεωρητικοῦ
945 524 1039 606 ὄντος
1060 535 1095 595 ut
1115 526 1161 596 ali

74 633 255 712 nterprete
275 624 318 692 'nd
339 631 445 691 tntum
465 624 569 690 locum
590 624 767 713 adscripta.
793 625 911 692 Hiatus
923 632 1032 693 nutem
1044 628 1093 694 illi
1105 629 1159 721 γῆ,

74 724 226 817 ιῧρανὸς,
250 732 292 793 et·
305 721 383 805 ini,
405 720 555 807 ἀλγεινόν
575 744 639 790 nun
660 725 834 792 effundunt.
878 725 915 793 C.
935 728 997 793 vl.
1016 727 1108 806 444.
1129 740 1159 798 e·

74 846 124 895 uro
148 825 169 906 ἡ
190 824 289 915 ἀρετὴ
310 831 359 904 εἴη
378 823 421 891 ἂν
441 819 578 907 μεσότης
598 824 672 890 oiim
693 825 836 892 fortasse
853 820 935 915 ἡάρ.
959 826 1096 910 μεσότης
1115 828 1160 899 ὢν

75 935 114 1009 ἴῃ
135 928 199 994 tuit
218 929 383 1014 seriptum.
426 924 475 991 lb.
496 921 588 990 445.
609 923 639 988 b.
659 924 693 990 in
714 925 843 993 verbine
866 924 1019 996 δεικνύειν
1039 927 1078 997 τὸ
1097 930 1160 1000 καί

74 1028 158 1106 λης,
203 1025 246 1103 ὥς
266 1024 373 1116 ἔτερόν
393 1051 425 1091 τι
445 1026 561 1108 κομιδῆ
583 1026 642 1089 τοῦ
664 1022 766 1109 λόγου
787 1031 885 1094 ἐστίν.
918 1029 1050 1097 videtur
1068 1037 1158 1099 ἐστίν

73 1127 243 1196 iciendum
266 1147 354 1194 esse.
399 1127 445 1192 lb.
467 1125 558 1190 445.
582 1144 610 1190 ο.
631 1127 664 1189 iu
686 1126 819 1192 verbisr
841 1122 925 1193 ὅθεν
944 1127 1019 1195 οὐδ’
1043 1129 1161 1219 ἀρετὴν

73 1225 228 1307 immuni]
248 1226 376 1308 ἀξιοῦσι
399 1225 457 1307 τὴν
478 1223 677 1314 ἐγκράτειαν,
699 1223 786 1291 ἄλλα
807 1222 894 1316 (scr.
908 1225 1003 1319 ἀλλ’)
1017 1233 1161 1300 Ιἔλαττον

73 1325 188 1420 §peric
204 1327 305 1394 εἶναι·
329 1327 493 1394 Fnehsius
514 1329 579 1391 rien
600 1326 684 1391 mule
697 1327 838 1410 conjecit
852 1335 927 1413 post
936 1332 1072 1396 ἔλαττον
1083 1351 1163 1401 esse

73 1455 99 1497 α
130 1429 347 1514 adjiciendum
375 1427 577 1513 conferrique
602 1427 705 1510 jubet·
722 1446 765 1494 ex
786 1429 827 1493 iis
855 1447 939 1516 qune
966 1440 1160 1519 sequnnturr

73 1530 129 1613 τὴν
150 1529 316 1616 ἀκρασίαν
337 1525 472 1595 ἔλαττόν
492 1550 524 1591 τι
545 1530 664 1603 κακιας
684 1525 785 1610 εἶναι,
814 1532 953 1610 παντελῆ
973 1533 1008 1598 δὲ
1028 1539 1160 1626 menn,

73 1631 130 1714 ripn
150 1627 345 1698 ἀκολασίαν.
389 1631 435 1694 At
457 1629 509 1693 iris
529 1626 611 1712 ipsis
633 1627 744 1692 verbis
766 1627 882 1695 ductus
903 1634 1040 1719 conjicio
1061 1632 1161 1703 urite·

73 1735 146 1812 τελῆ
173 1750 252 1798 esse
282 1731 390 1817 potius
416 1727 598 1796 ieieudum.
641 1727 682 1795 Si
710 1728 796 1794 euim
827 1731 1029 1801 continentia
1055 1738 1162 1805 minus

73 1833 150 1922 quid
172 1835 296 1899 virtute
317 1837 387 1910 est,
409 1830 538 1898 omniun
561 1846 625 1894 uun
646 1829 753 1895 virtus
774 1835 840 1916 eet,
861 1839 974 1918 potest
995 1853 1075 1922 ergo
1095 1856 1161 1906 nnn

72 1934 155 2023 uini,
176 1953 250 2000 enm
271 1951 336 1998 nnn
358 1930 535 2017 perfectum
558 1930 712 1996 virtutem
734 1949 825 1998 esse.

155 2033 212 2101 Ex
234 2039 362 2121 septem
382 2033 481 2116 igitur
501 2030 592 2097 vitiis
614 2049 697 2116 qune
719 2031 781 2098 hue
801 2034 834 2098 in
846 2032 928 2101 libro
945 2054 989 2102 ex
1003 2036 1162 2106 vocalium

72 2154 231 2203 concursu
252 2135 414 2221 oriuntur,
455 2131 519 2198 dun
540 2151 646 2219 enque
667 2133 701 2198 in
729 2152 800 2221 nup.
820 2133 882 2198 111.
912 2135 1066 2204 librorum
1097 2160 1163 2206 uu-

74 2239 238 2315 eturitnte
260 2236 323 2301 trin
344 2233 418 2299 aliis
439 2231 481 2299 de
503 2234 613 2299 censis
626 2232 670 2297 11.
689 2233 728 2297 V.
744 2241 780 2300 et
795 2234 865 2323 vl„
886 2241 922 2303 et
933 2235 994 2303 dun
1016 2237 1067 2330 (ο.
1082 2236 1162 2332 VI.)

74 2336 183 2404 murus
205 2332 353 2401 evitandi
375 2352 477 2399 nnusn
492 2334 695 2400 'videbuntur
716 2332 862 2400 tollenda
883 2352 970 2402 esse

104 2419 115 2453 ‘
158 2436 198 2502 lu
219 2435 300 2501 libro
321 2436 370 2505 de
392 2433 629 2503 cohibenda
650 2435 712 2501 ira
738 2452 765 2500 ε.
788 2433 832 2500 ΙΙ.
853 2433 946 2502 454.
972 2436 1003 2504 Ι).
1025 2437 1059 2504 iu
1080 2456 1165 2506 veri

73 2533 142 2604 bisi
164 2537 222 2601 καὶ
242 2533 305 2624 γὰρ
327 2533 529 2626 ὑπερήφανος
549 2538 607 2604 καί
627 2531 781 2615 αὐθάδης
801 2533 962 2616 καὶὸλως
981 2533 1035 2626 ὑφ’
1051 2543 1164 2627 ἕτερον

75 2635 93 2703 ὁ
114 2634 226 2719 θυμὸς
246 2637 435 2715 δυσκίνητος
456 2635 520 2716 ὢν,
542 2632 649 2725 ὥσπερ
669 2632 776 2722 ὀχυρὰ
795 2639 960 2726 τυραννίς,
990 2637 1028 2720 ἐξ
1046 2644 1163 2722 ἑαυτῆς

74 2741 176 2817 ἔχειν,
216 2733 336 2823 ὀφείλει
356 2734 508 2802 σύνοικον
528 2739 584 2802 καὶ
606 2738 756 2820 συγγενὲς
775 2733 813 2802 τὸ
839 2735 1018 2806 mutuor.
1060 2736 1163 2808 ostri

73 2835 185 2920 θυμὸς
206 2836 386 2917 delendum,
407 2843 442 2904 et
462 2834 483 2916 ἡ
504 2834 597 2923 ψυχὴ
618 2854 661 2903 ex
683 2837 725 2902 iis
746 2856 830 2924 quae
850 2839 1061 2925 praecedunt,
1083 2862 1163 2931 sup·

73 2937 242 3024 piendum,
264 2957 326 3023 quo
348 2939 445 3004 etium
466 2934 572 3025 ὀχυρὰ
592 2939 750 3024 τυραννὶς,
773 2946 808 3006 et
828 2939 973 3026 inprimis
988 2938 1029 3025 ’ἐξ
1047 2943 1163 3022 ἑαυτῆς

76 3038 181 3124 ducit,
217 3037 302 3124 quud
332 3038 449 3104 Reisk.
481 3038 516 3102 in
545 3035 581 3117 ἐξ
609 3042 728 3103 ἑαυτοῦ
749 3040 865 3106 mutari
886 3040 999 3106 voluit.
1043 3037 1081 3107 O.
1103 3041 1162 3108 lv.

74 3137 168 3204 455.
192 3159 223 3205 u.
246 3139 363 3206 verbu:
395 3138 451 3215 οὓς
471 3144 569 3215 εἴτις
591 3134 721 3225 ὑφεῖλεν
741 3135 831 3223 αὐτῷ
853 3144 888 3205 ἐν
908 3137 997 3228 ἀρχῇ
1017 3142 1075 3207 καὶ
1095 3143 1164 3208 διε-

75 3237 228 3304 κώλυσεν.
250 3238 425 3324 Wytteub.
445 3245 481 3305 et
504 3239 595 3304 Hutt.
618 3258 638 3305 e
662 3239 760 3325 Vnus.
788 3239 836 3305 itu
867 3239 1027 3308 dederunt
1039 3289 1050 3332 ,
1072 3262 1163 3331 ,cum

74 3339 147 3406 libri
170 3358 229 3424 pru
251 3338 339 3423 αὐτῷ
361 3347 512 3406 tueantur
533 3337 649 3418 αὐτῶν,
671 3339 756 3426 quud
778 3358 841 3425 ego
861 3341 1050 3410 retinuerim
1071 3344 1164 3411 etad

75 3437 207 3528 λόγων,
248 3460 310 3526 qun
339 3442 437 3506 etium
464 3437 521 3515 οὓς
542 3440 701 3521 refertur,
742 3441 908 3508 retulerim
930 3447 965 3509 et
986 3463 1056 3509 eum
1077 3439 1165 3528 ἀρχῇ

76 3540 261 3619 struxerim,
284 3541 498 3606 utsenteutiu
513 3539 574 3604 situ
596 3557 702 3625 quae
723 3541 760 3605 si
780 3542 872 3627 quis
893 3543 1164 3629 intercepis-

74 3641 213 3706 setin
240 3640 366 3704 initio
397 3659 547 3706 eorum.
611 3639 727 3706 Reisk.
759 3641 871 3708 voluit*
896 3649 953 3709 nnt
984 3640 1075 3725 αὐτῷ
1107 3647 1164 3708 nut

73 3737 228 3806 απάντον
249 3741 346 3805 scribi
356 3788 368 3822 ,
389 3747 445 3806 uut
466 3739 574 3807 αὐτῶν
594 3741 628 3807 in
649 3761 785 3810 versum
805 3742 983 3829 proximum
994 3741 1185 3809 deductum.

74 3847 153 3927 pust
174 3839 308 3920 αὔξησιν
330 3841 481 3908 culiunuri
502 3847 559 3907 ant
580 3845 709 3908 omnino
729 3841 834 3909 deleri
864 3848 905 3908 et·
919 3842 1081 3909 Feehsius
1110 3843 1165 3908 vi-

73 3943 172 4010 detur
193 3940 296 4018 εὑθὺς
317 3963 376 4028 pru
398 3941 506 4008 αὐτῶν
521 3941 672 4009 sundere.
714 3940 751 4008 C.
773 3941 834 4008 Vl.
856 3938 950 4007 456.
972 3960 1002 4008 e
1033 3940 1069 4006 in
1089 3961 1166 4009 ver·

73 4043 145 4111 bist
168 4043 400 4129 διηρμοσμίνον
421 4031 460 4121 ἦν
481 4047 662 4131 συρίγγιον,
684 4032 711 4126 ᾧ
732 4039 791 4120 τὴν
810 4037 924 4127 φανὴν
944 4044 977 4109 οί
997 4034 1167 4127 ἁρμονικοὶ
1211 4058 1214 4064 “
1238 4140 1246 4149 ἢ
