2564 4508
560 128 864 232 -17ἳρ

152 298 267 366 damas
297 297 445 383 visitet
475 292 538 382 quo
566 296 667 363 multo
695 296 827 381 plures„
842 300 1010 362 orationes
1041 295 1246 362 habebantur

151 418 244 487 quam
265 397 507 484 scribebantur,
539 403 699 463 oratorem
721 396 914 475 exstitisse,
947 397 1055 484 quiin
1079 394 1246 465 scribendi

150 500 416 571 consuetudinem
436 498 657 564 inveheretur.
701 495 900 585 Spengelius
922 496 1050 583 quidum
1072 495 1157 563 dixit
1170 498 1245 564 iso·

150 606 273 667 cratem
314 621 353 667 eo
393 607 555 685 tenpore.
574 597 724 687 vixisse,
768 602 1003 684 contraquam
1032 599 1114 665 haec
1142 599 1246 671 oratio

150 702 192 767 ah
221 700 447 768 Alcidamante
476 699 600 785 scripta
629 700 684 764 sit.
751 696 872 766 tir-ator
901 705 1009 765 tamen
1039 717 1103 764 non
1140 699 1244 765 solum

152 806 267 868 contra
288 820 348 867 eos
377 798 520 887 pugnat,
562 800 617 886 qui
645 798 809 865 crationes
839 799 1000 878 scribant,
1043 798 1105 864 sed
1133 799 1244 871 multis

151 901 265 968 verbis
287 901 385 968 etiarn
408 907 522 967 contra
544 919 618 980 eos,
647 901 701 986 qui
723 919 786 967 non
801 896 929 981 subita,
957 898 1017 966 sed
1039 919 1123 986 quae
1145 907 1245 967 antea

150 1003 345 1088 scripserint
374 1009 409 1069 et
440 1001 758 1090 commentationi,
786 1000 906 1067 dicant.
957 997 1044 1066 Sunt
1069 999 1172 1066 enim'
1186 1018 1244 1088 per

54 1174 56 1176 ,
150 1109 252 1170 totam
274 1103 344 1169 fere
366 1102 544 1168 orationem
566 1105 599 1167 οἱ
619 1099 925 1181 αότοσχεδιάζοντες
947 1096 1094 1188 ορροείῐί
1109 1110 1180 1176 τοῖς
1199 1097 1243 1165 τό

150 1210 356 1290 γεγραμμένα
377 1205 519 1285 λέγουσι,
542 1201 575 1267 id
598 1201 682 1287 quod
705 1221 913 1288 nequaquam
929 1202 961 1268 in
976 1203 1156 1269 {socratem
1177 1198 1243 1265 dici

149 1308 289 1390 poterat.
346 1303 420 1369 Huc
446 1301 606 1369 accedant
635 1303 841 1390 sententiae,
871 1302 987 1388 quales
1014 1308 1091 1368 sunt
1119 1297 1184 1365 82.
1212 1304 1241 1365 at

148 1407 206 1487 μὲν
226 1393 304 1487 ἦμεν
324 1401 477 1488 τύραννοι
497 1405 562 1466 τῶν
584 1399 721 1481 πόλεων,
765 1400 819 1488 ἐφ’
844 1399 920 1484 ἡμῖν
940 1399 982 1466 ἄν
1003 1390 1042 1480 ἦν
1063 1403 1120 1467 καὶ
1143 1402 1241 1466 δέκα·

149 1502 266 1588 στήρια
286 1505 490 1586 συλλέγειν·-
514 1510 548 1570 et
569 1504 634 1568 ἐπεὶ
655 1499 685 1566 δ’
710 1503 811 1590 ἕτεροι
833 1499 959 1567 τούτων
979 1498 1021 1592 (ἰ.
1035 1520 1065 1567 θ.
1078 1495 1242 1591 πολιτῶν)

150 1602 261 1688 κύριοί
285 1609 392 1682 εἰσιν,
416 1624 514 1691 ,quae
543 1605 585 1670 dc
614 1605 857 1690 magistratibus
891 1603 1141 1670 Atheniensium
1166 1601 1243 1666 ls'o-

151 1705 252 1772 cratis
273 1703 473 1789 temporibus
495 1725 558 1771 uon
580 1714 657 1792 apte
685 1707 749 1772 dici
776 1711 939 1792 poterant.
964 1703 1074 1785 ‚Quos
1100 1701 1242 1787 denique

91 1886 93 1891 Α
151 1809 260 1872 orator
282 1804 449 1890 vituperat
468 1803 584 1888 λόγους
612 1818 681 1884 τοῖς
709 1805 866 1890 ὀνόμασιν
894 1804 1156 1892 ἐξειργασμένους
1185 1805 1243 1869 act

149 1906 274 1987 μᾶλλον
296 1903 470 1988 ποιήμασιν
490 1905 510 1985 ἢ
532 1904 641 1990 λόγοις
663 1907 824 1986 ἐοικότας,
866 1925 974 1974 nonne
994 1905 1028 1971 id
1049 1906 1155 1992 ipsum
1178 1910 1242 1982 est,

151 2004 236 2092 quod
257 2005 459 2072 Aristoteles
480 2009 503 2073 l.
518 2010 573 2074 ali.
595 2011 736 2076 maxime
757 2011 790 2074 iu
806 2008 1033 2074 Alcidamante
1055 2005 1241 2092 reprehen-

150 2097 226 2173 diti
269 2103 392 2188 Quibus
421 2108 464 2174 de
485 2111 594 2176 causis
616 2109 748 2174 minime
766 2128 836 2174 cum
859 2107 1038 2194 Spengeiio
1068 2106 1090 2172 1.
1120 2106 1174 2172 ali.
1207 2106 1244 2172 et

149 2207 407 2274 Westermanno
429 2209 462 2274 in
484 2210 610 2276 Histor.
633 2229 741 2296 graec.
766 2210 872 2295 eloqu.
895 2228 926 2294 p.
941 2205 1008 2274 47.
1031 2206 1164 2273 fecerim
1182 2207 1241 2290 Ju-

149 2307 342 2397 dicentibus,
364 2309 448 2374 hanc
470 2312 649 2378 orationem
670 2330 790 2377 revera
811 2312 851 2376 ab
875 2310 1115 2387 Alcidamante,
1139 2314 1243 2375 vetu-

148 2415 202 2474 sto
223 2409 288 2476 istc
309 2411 477 2496 sophista,
500 2431 578 2479 esse
600 2414 765 2500 scriptam.

232 2510 274 2575 ln
300 2511 584 2596 Antiphontis
622 2515 820 2580 orationihus
855 2510 1017 2579 vocalium
1044 2478 1240 2578 concursum

146 2630 211 2678 non
233 2629 312 2677 esse
334 2611 490 2677 curtatum
496 2660 506 2700 ,
549 2633 592 2678 ex
620 2632 747 2702 quaque
767 2614 972 2700 paragrapho
994 2613 1091 2678 tacite
1113 2611 1242 2698 poteris

146 2711 350 2796 intelligere,
373 2730 478 2797 neque
500 2719 552 2778 est
575 2714 657 2800 quod
680 2715 714 2780 io
735 2716 879 2801 pluribus
902 2715 1175 2780 demonstremus.
1276 2726 1281 2737 “

231 2813 271 2880 ln
293 2810 528 2878 Andocidis
551 2817 748 2882 orationibus
770 2819 879 2882 hiatus
900 2835 982 2882 sane
1004 2833 1067 2880 non
1091 2819 1146 2880 est
1160 2815 1241 2881 evi-

147 2922 236 2982 tatus
257 2914 292 2979 in
313 2932 359 2978 or.
380 2910 423 2978 de
444 2913 478 2977 Μ
489 2918 679 2999 ystoriis,
722 2919 756 2981 in
779 2937 844 3003 qua
865 2918 925 2983 hos
947 2916 1032 3000 iegis
1054 2914 1183 2983 hiatuat
1211 2914 1239 2997 1,

150 3015 183 3078 1.
212 3011 366 3096 δεήσομαι
394 3013 609 3099 ὑμῶν-ἐμοὶ
642 3016 727 3097 ἄξια.
755 3016 789 3082 2.
819 3016 881 3100 ἐγώ
914 3014 981 3095 ἥκω
1009 3012 1161 3096 οὐδεμιᾶς
1181 3036 1240 3096 μοι

146 3114 301 3199 ἀνάγκης.
324 3113 359 3180 3.
382 3118 508 3182 δίκαιον
525 3125 606 3183 ἐστε.
629 3116 665 3182 4.
685 3143 742 3200 μοι
764 3111 1150 3202 απαγγολλόνταν-ὲγώ
1169 3111 1235 3180 οὔτ’

146 3214 377 3282 -απελθόντι
398 3221 597 3285 ἐντεῦθεν
605 3218 779 3285 πλεύσαντι
799 3226 887 3295 εὶς-
899 3215 1003 3334 (impare
1030 3213 1238 3302 ὑπάρχουσα.

148 3316 186 3383 5.
207 3314 302 3382 αὐτοὶ
325 3318 536 3408 οἱ-νιαρόντι
557 3315 960 3403 εόιυχεῖν-ὃιαγνώναι“
944 3325 1029 3399 υμῖν.
1059 3313 1096 3381 6.
1125 3314 1240 3381 αἰτοῦ-

145 3441 205 3500 μαι
228 3407 564 3506 οὖν-παρασχέσθαι
591 3424 693 3502 ἐμοὶ-
675 3428 780 3487 -ἴσου
807 3419 981 3503 ακροόισθε
991 3415 1144 3503 -χρόνου
1171 3423 1240 3481 ἑπι-

145 3516 529 3605 βουλιόσαντες-αὐτοὶ
550 3519 918 3638 ἄνευ-παρασχέσθαι
944 3521 1025 3600 ἐμοὶ.
1056 3515 1092 3583 7.
1109 3517 1240 3582 πολλοὶ

146 3619 215 3705 ἤδη.
238 3617 274 3702 2,
299 3620 335 3685 7.
358 3619 550 3705 ψευδόμενοι
573 3617 821 3703 οὕτω-γνῶναι
834 3621 991 3702 ἑκ-ἐμου
1010 3613 1180 3695 ἀκούσητε.
1198 3614 1240 3683 8.

143 3719 207 3807 χρὴ
230 3717 508 3808 ἄρξασθαι-ἐγὼ
529 3719 703 3804 ὑμῖν-μοι
723 3719 838 3786 εἶναμ
852 3722 945 3786 δοκεῖ
961 3717 1002 3798 ἐξ.
1027 3714 1064 3784 9.
1085 3719 1159 3800 ἐμοὶ
1179 3713 1242 3784 ἄν·

146 3823 299 3895 τιὸίιιους.
324 3818 383 3884 10.
403 3823 475 3902 ἐμοὶ
496 3817 648 3907 ἠσέβηται
677 3819 937 3900 οὐδὲν-ἀληθῆ
966 3814 1139 3901 ἐμήνυσαν.
1159 3815 1240 3884 11.

148 3919 208 4000 ἤδη
230 3916 360 4005 ἐξώρμει
381 3916 547 4005 ἡ-ὃήμῳ
569 3919 864 4000 εἶπεν-ἀποδείξαι
886 3918 970 4003 ὑμῖν.
1007 3917 1069 3984 19.
1099 3914 1242 4004 agaim

149 4018 241 4097 ὄντος
256 4024 381 4088 -ὶέναι
402 4023 496 4088 ἐνὶ-
510 4018 599 4105 corui
622 4021 734 4105 ὄνομα.
756 4020 804 4110 3,
828 4020 890 4088 13.
920 4018 1095 4104 σἰνόγνοιθι
1116 4015 1241 4087 αὐτῶν.
