2564 4508
378 128 736 241 faro-.-

46 318 208 399 τοιιιύτηι
228 320 309 388 farri
330 326 478 409 possent,
498 323 529 388 si
549 322 723 409 manipulis
743 320 883 405 singulis
901 320 1145 412 singulieprae-

35 422 154 508 positi
174 423 315 488 fuissent
335 422 463 487 tribuni.
506 406 603 503 ‘Quod
623 430 733 490 tumen
754 418 824 489 uum
846 442 911 489 non
934 433 1044 509 osset,
1074 445 1145 492 oum

49 522 211 608 Polybius
231 523 306 608 ipsa
326 542 425 608 snpra
447 521 483 586 5.
504 523 641 590 diderit:
685 531 770 608 τρεῖς
791 519 978 614 (σημαίας)
1007 527 1145 602 ἕκαστος
1257 530 1260 539 ’

49 625 116 689 τῶν
127 619 307 709 χιλιάρχων
320 621 542 712 ὃιαλαγχιλυει,
562 624 645 691 huet
666 624 745 690 ferri
765 644 829 689 non
844 632 993 710 possent,
1015 626 1145 691 etiamsi
1177 640 1183 647 ·

51 743 176 790 omnes·
196 730 365 791 tuerentur
391 725 534 790 codices.
593 725 641 790 At
664 725 775 808 junxit
803 724 886 791 haoo
914 723 1142 805 casaubonus,
1271 784 1275 791 ,

51 825 146 911 prius
166 822 304 913 ,ἑιιιὶοτηΙ
322 826 407 892 onim
436 827 532 891 abest
560 826 601 891 ab
631 825 735 891 Horv.
762 829 797 892 et
826 825 899 891 uod.
925 824 1038 912 Mad,
1079 845 1143 912 po-

51 926 186 992 steriori
214 927 341 1009 ἑκάστῳ
363 933 477 992 carent
498 926 584 1010 Aug.
605 926 686 992 Urb.
707 926 793 1010 Reg.
816 925 849 990 Ι)
878 931 913 991 et
942 924 1048 992 (Iron.
1091 927 1143 992 Tu

52 1027 153 1112 Igitur
170 1027 278 1092 scribe
297 1023 419 1104 ἑκάστη
440 1028 487 1109 τῴ
506 1024 677 1112 χιλιάρχῳ.
719 1026 767 1091 lb.
791 1024 852 1091 11.
866 1026 1058 1112 Sthongh.
1075 1048 1142 1094 non

54 1128 197 1195 debebat
223 1127 309 1210 Rog.
337 1125 381 1191 1).
411 1123 519 1192 Oxou.
554 1133 590 1192 ot
616 1146 664 1192 or.
692 1126 840 1212 Hervag.
867 1133 902 1193 et
928 1127 1018 1194 Med.
1046 1129 1143 1215 sequi

55 1227 220 1295 mutans:
250 1227 364 1303 οἵτινες
384 1229 516 1312 τηροῦσι
536 1229 594 1308 μὲν
614 1230 673 1292 καὶ
692 1225 816 1305 τᾶλλα,
845 1223 990 1309 μαλιστα
1010 1229 1044 1294 δὲ
1063 1227 1142 1319 τοὺς
1270 1225 1272 1231 ’

53 1328 177 1409 ἵππους,
198 1328 263 1393 ἴυα.
274 1321 338 1410 μήτ’
367 1325 594 1409 ἐμπλεκόμενοι
614 1336 683 1402 τοῖς
704 1323 825 1408 δήμαοι
843 1325 1051 1411 βλάπτωνται
1062 1330 1142 1416 πρὸς
1248 1330 1251 1339 '

55 1426 114 1506 τὴν
137 1431 267 1515 χρείαν,
308 1424 388 1509 μήτε
407 1427 557 1510 λυόμευοι
577 1429 640 1528 καὶ.
655 1422 1078 1513 προσπιπτομτεςᾶλλήλοις
1107 1433 1141 1495 οἱ

56 1529 145 1595 ἵπποι
164 1526 312 1616 ταραχὰς
332 1531 389 1594 καὶ
409 1527 578 1615 θορύβους
598 1533 756 1610 ἐμποιώσι
773 1529 820 1611 τῷ
832 1529 1147 1615 οτρατοπέδῳ.’Μί-’

10 1668 14 1697 2
57 1630 226 1696 rum-enim
248 1631 331 1695 satis
353 1636 467 1714 osset,
501 1642 559 1696 cur·
579 1631 633 1695 hio
655 1635 688 1696 ol
708 1631 814 1707 ἵπποι,
834 1680 838 1717 ,
857 1629 906 1697 do·
922 1632 1037 1717 quibus
1058 1631 1140 1697 soiis

19 1780 22 1785 .
59 1731 158 1796 iniis
187 1749 271 1817 quae
298 1729 497 1796 antecedunt
523 1748 630 1796 sermo
658 1736 727 1810 eat,
757 1730 905 1796 addatur.
948 1732 1051 1798 Multo
1079 1750 1138 1797 re-

62 1829 139 1896 otios
159 1829 298 1897 Casaub.
320 1850 362 1896 ox
384 1832 462 1897 Urb.
484 1837 520 1909 ot
542 1832 627 1917 Aug.
650 1851 709 1917 pro
730 1828 882 1909 ἀλλήλοις
902 1837 935 1898 οι
955 1832 1046 1898 ἵπποι
1075 1832 1139 1898 ἀοι.

64 1929 108 1995 dit
124 1929 231 2017 ἄλλρις
252 1931 384 2011 ἵπποις,
427 1931 491 2020 nisi
517 1933 622 2016 mavis
652 1950 726 1997 oum
754 1931 842 1997 nied.
872 1939 907 1999 et
928 1933 1076 2016 Hervag.
1102 1933 1138 1998 in

64 2035 146 2097 textu
166 2033 272 2107 ἵπποις
293 2035 420 2098 omnino
442 2032 563 2098 delere.
588 2031 647 2097 12.
669 2035 702 2097 in
724 2034 856 2099 verbis:
876 2037 937 2113 μία
958 2029 985 2098 δ’
1008 2028 1137 2112 ἐξαπα-

66 2130 122 2194 oo'ur
139 2128 223 2197 καθ’
248 2129 368 2218 ἡμέραν
389 2136 514 2214 σημαία
541 2129 606 2197 ἀπα
632 2139 727 2221 μέρος
753 2133 801 2214 τῷ
830 2135 1001 2220 στρατηγῷ
1027 2154 1137 2217 παρα-

67 2244 161 2312 κατιῖ,
182 2228 251 2309 ἥτις
271 2229 342 2315 ἅμα
361 2236 419 2315 μὲν
439 2256 470 2298 ιι.
492 2258 521 2297 τ.
542 2235 570 2297 λ.
590 2239 716 2313 σημαία
737 2240 792 2298 unt
813 2233 995 2322 delendum,
1016 2232 1136 2299 aututi

68 2350 154 2418 supra
176 2332 243 2401 10.
264 2342 343 2400 ante
363 2331 445 2398 καθ’
468 2331 589 2417 ἡμέραν
610 2341 664 2397 est
685 2333 916 2400 collocandum.
960 2335 1014 2399 Au
1031 2356 1137 2419 παρα-

69 2442 172 2512 ιιοιτεῖ,
198 2431 267 2514 ἥτις
295 2433 374 2498 ferri
398 2435 522 2520 possit,
556 2433 685 2499 dubium
711 2441 775 2500 est
839 2432 878 2499 Si
905 2432 1062 2520 Polybius
1088 2435 1137 2500 ita

69 2533 197 2624 scripsit,
222 2539 299 2622 post
319 2545 514 2620 παρακοιτιῐ
527 2535 657 2620 plenius
679 2535 742 2602 erit
763 2534 1070 2620 interpungendum,
1099 2541 1136 2600 ut

69 2649 117 2715 per
133 2632 197 2714 ἥτις
219 2655 337 2701 novum
359 2635 434 2720 quid
456 2636 603 2701 addatur.

137 2734 214 2822 Cap.
235 2735 397 2815 XXXIV,
422 2734 481 2799 11.
503 2733 580 2814 ἣκει.
602 2734 674 2815 ἐὰν,
702 2736 852 2812 XXXV,
876 2736 910 2802 5.
940 2738 1134 2818 λειτουργίαι.

69 2835 123 2913 ἐπὶ,
145 2835 290 2902 XXXVI
297 2884 307 2925 ,
344 2833 380 2902 4.
424 2838 481 2902 καὶ
514 2835 577 2903 ὑπὸ
614 2842 707 2904 recto
738 2844 891 2925 poterunt
923 2837 999 2922 legi·
1061 2835 1136 2903 sed

69 2929 227 3016 XXXVII,
251 2935 285 3002 5·
317 2937 444 3021 corrige
465 2946 507 3002 ιε’
522 2935 669 3023 οὐραγὸς.
691 2936 728 3003 9.
756 2939 807 3007 ser
835 2941 892 3005 καὶ
920 2935 958 3017 ὃς
1000 2936 1132 3004 sedib.

70 3051 115 3114 pro
138 3040 191 3103 καὶ
219 3034 277 3102 ἐὰν
305 3039 412 3103 soribe
440 3035 503 3103 auio
530 3044 564 3104 et
583 3043 786 3128 XXXVIII,
818 3041 851 3105 1.
888 3059 948 3126 pro
976 3037 1020 3104 τα
1047 3035 1136 3103 αὐτὰ

69 3133 170 3223 ταυτα,
190 3138 237 3203 uti
261 3135 297 3201 2.
320 3143 398 3203 ante
419 3136 504 3203 ὀκτώ
527 3144 561 3204 et
581 3145 683 3204 oztcooc
705 3135 735 3203 δ’
761 3147 819 3225 μιο
840 3141 885 3207 δὲ.
928 3140 1060 3205 Minime
1082 3139 1134 3204 oi-

68 3232 154 3302 tondit
173 3242 329 3316 XXXIX,
355 3239 391 3304 3.
414 3239 566 3325 φάλαρα·
587 3237 622 3318 ἐξ
641 3245 676 3306 et
699 3239 732 3304 7.
753 3249 853 3322 χουεΐ.
892 3239 963 3320 Ἐκ,
985 3240 1048 3306 sed
1072 3235 1134 3305 12.

68 3340 174 3423 corrige
192 3337 251 3404 δύο
264 3336 409 3420 ὀβολούς.
451 3341 499 3404 lb.
516 3337 577 3405 14.
591 3338 629 3404 τὸ
643 3346 716 3407 ἴσου
731 3342 863 3426 legitur,
882 3342 943 3408 sed
958 3342 1029 3407 cod.
1045 3341 1133 3424 fleg.

66 3432 100 3500 l).
112 3439 207 3505 habet
225 3437 264 3503 τὸ
280 3438 363 3518 ἴσον,
385 3439 517 3505 videtur
535 3441 632 3523 igitur
645 3443 824 3527 antiquitus
846 3441 1134 3525 voiuousoriptum

18 3544 23 3599 .-
63 3537 161 3605 fuisse.
182 3540 264 3627 xo,
288 3539 323 3604 ι.
346 3547 381 3606 et
405 3541 468 3604 ιι.
490 3559 549 3624 pro
571 3537 613 3603 τι
634 3526 791 3625 artocopus
811 3542 875 3608 ene
896 3540 941 3607 ι’
966 3539 1055 3620 osor.
1073 3539 1131 3607 ιο.

61 3639 100 3704 ser
118 3644 173 3705 καὶ
195 3646 291 3724 ἑτέρῳ
321 3648 356 3706 et
376 3645 454 3705 XLI
465 3687 477 3726 ,
505 3639 543 3704 4.
573 3660 630 3726 pro
658 3640 702 3706 τὰ
731 3646 781 3708 ἐπὶ
808 3642 1015 3708 scribendum
1041 3637 1131 3706 τάπὶ.
1167 3720 1169 3725 Ι

56 3739 99 3806 lb.
121 3738 157 3806 9.
180 3760 266 3806 nuno
287 3740 414 3826 quidem
437 3743 555 3825 legitur
576 3743 631 3805 καὶ
653 3741 1033 3825 χιχυηταιιύσὺυοπτος,
1070 3740 1133 3805 sed

52 3843 131 3928 Reg·
154 3841 186 3909 I)
210 3839 314 3907 Oxou.
339 3841 424 3906 oleo.
453 3843 574 3908 habent
599 3846 656 3908 καὶ
677 3843 784 3928 ysopz'
809 3841 1021 3918 εὐσύιοπυος,
1054 3839 1131 3905 odd.

10 3972 12 3977 ·
54 3945 86 4010 1.
109 3941 146 4009 2.
169 3940 269 4024 γίνετ’
295 3939 401 4024 odorio.
414 3988 426 4027 ,
470 3941 555 4009 uude
586 3943 669 4008 bono
697 3945 887 4028 Schweigh.
918 3941 1068 4024 conjecit,
1097 3937 1132 4003 id

49 4054 156 4114 ortum
178 4040 257 4111 osse
280 4063 323 4110 ox
344 4047 472 4126 γίνηται
488 4040 666 4127 υὺυοπιος,
680 4046 784 4132 'idque
806 4065 899 4110 unum
923 4061 1035 4109 verum
1055 4057 1134 4107 esso
