2580 4514
575 158 846 219 -15‘2-

162 327 301 394 tionihus
321 323 484 390 adversus
507 325 676 409 Aphobum
698 329 733 390 et
755 320 941 389 Ductorem.
989 320 1163 404 Quomodo
1189 326 1246 412 igi-

161 435 213 493 tur
234 426 305 493 lieri
325 425 440 511 potuit,
462 430 497 488 nt
518 423 765 490 Demosthenes
785 423 872 490 tales
894 424 1055 490 scriberet
1077 426 1248 513 orationes,

162 528 278 614 quales
299 526 331 591 in
353 526 412 611 iis,
434 543 516 611 quas
537 544 637 610 supra
658 525 858 603 enumeravi,
880 516 1060 590 hahemus?
1082 524 1125 591 si
1147 534 1246 594 auten

162 629 254 694 dices
276 631 437 693 oratorem
452 624 486 690 id
503 625 538 691 in
560 625 700 710 privatis
720 624 830 689 musis
845 625 992 691 consulto
1004 626 1146 706 iecisse,
1157 634 1249 694 recte

163 734 352 814 quaeretur,
385 745 443 792 cur
464 733 499 792 ut
520 733 647 791 taceam
669 724 711 791 de
733 725 932 789 orationibus
952 726 1176 815 tutelaribus,
1201 735 1247 794 ta-

162 847 236 895 men
257 829 291 893 in
312 836 393 894 orat.
421 827 496 893 adv.
520 827 767 900 Pantaenetum,
794 824 1064 914 Nausimacham,
1084 823 1249 916 Spndian,

163 927 347 1007 Cononem,
368 923 555 1005 Calliclem,
578 931 692 990 contra
714 921 916 1009 Stephanum
938 927 1162 1012 primatanta
1183 946 1248 995 cun

163 1028 349 1114 diligentia,
372 1033 407 1092 et
426 1025 590 1093 adversus
611 1025 830 1092 Zenothemiu
851 1031 886 1090 ct
908 1045 968 1111 pro
989 1026 1250 1106 Phormioneut

164 1136 290 1193 taceam
312 1127 355 1192 de
376 1132 458 1192 orat.
481 1127 614 1193 advers.
626 1126 785 1192 Boeotum
808 1125 849 1191 de
871 1126 1012 1211 nominc,
1034 1126 1248 1215 paulonegli·

163 1230 294 1314 gentius
316 1228 377 1293 sed
401 1234 509 1293 tamen
526 1228 580 1292 ita·
595 1229 628 1292 in
642 1244 683 1293 ea
696 1246 733 1292 re
748 1233 902 1292 versatus
915 1227 970 1304 sit,
991 1228 1118 1295 atinde
1133 1237 1251 1316 patent,

164 1335 326 1394 oratorem
347 1328 456 1393 solere
475 1327 580 1393 verba
600 1327 647 1392 ita
668 1327 867 1412 conjungere
888 1333 923 1392 et
936 1325 1106 1410 collocare,
1130 1335 1168 1395 ut
1182 1331 1249 1418 ple·

163 1448 297 1516 rumque
319 1418 479 1496 vocalium
502 1446 679 1493 concursus
701 1417 870 1492 evitetur?
905 1426 980 1491 lluc
1000 1429 1150 1519 accedit,
1171 1432 1249 1518 quod

164 1530 206 1596 de
228 1530 337 1596 maltis
358 1533 493 1595 istarum
514 1531 695 1594 orationum
712 1527 779 1609 jam
801 1547 822 1592 a
842 1527 1013 1593 veteribus
1033 1534 1071 1596 et
1090 1533 1248 1609 recentio

164 1631 254 1698 ribus
276 1630 349 1695 aliis
371 1630 544 1695 decausis
566 1631 610 1693 sit
631 1628 819 1704 dubitatum,
842 1627 877 1693 id
901 1629 986 1714 quod
1007 1632 1249 1716 supra-deora·
1286 1704 1288 1709 ,

165 1733 254 1796 tione
275 1731 438 1795 adversus
452 1728 657 1814 Stephanum
678 1728 794 1807 altera,
816 1727 1124 1812 adalmodem,
1146 1730 1251 1800 Duar-

164 1851 239 1919 gum
261 1837 296 1895 et
317 1830 543 1907 Mnesibulum,
566 1831 804 1907 Nicostratum,
828 1829 1068 1921 l’haeuippunr,¹
1088 1834 1249 1901 ¹lacoritun
1286 1870 1288 1877 ·

166 1931 412 2012 demonstravi,
456 1933 571 2018 quibus
599 1931 694 1997 facile
724 1929 849 1997 addere
877 1932 1002 2016 poteris
1029 1940 1113 1999 orat·
1140 1941 1249 2000 contra
1286 1950 1288 1997 ὲ

164 2030 363 2117 Callippum,
410 2033 658 2121 Phormionem,
701 2032 962 2116 Dionysodorum
1006 2041 1041 2099 et
1074 2034 1249 2121 Polyelen.

165 2132 284 2214 Quidni
304 2132 403 2216 igitur
425 2135 522 2199 etiam
546 2133 587 2198 de
610 2133 732 2198 ceteris
753 2133 901 2198 similiter
930 2134 1064 2220 scriptis
1092 2135 1248 2201 waliam-

68 2264 72 2270 ·
165 2236 224 2301 bus
245 2234 331 2298 idem
349 2225 539 2315 judicetur?

249 2332 342 2415 Quod
364 2341 472 2399 aretem
496 2354 555 2400 eas
576 2336 697 2400 attinet
718 2335 904 2421 orationes,
931 2336 966 2400 in
992 2337 1111 2421 quibus
1133 2337 1250 2405 hiatum

82 2425 84 2430 ’
165 2455 242 2502 esse
265 2423 423 2501 evitatum
445 2454 545 2520 supra
567 2435 725 2521 vidimus,
750 2435 928 2500 dubitatum
949 2442 1004 2500 est
1025 2437 1176 2526 quiden,
1196 2437 1250 2504 oed

165 2536 344 2602 rationibus
367 2554 431 2600 uon
453 2533 576 2600 additis
595 2556 617 2600 a
640 2535 807 2602 Boeekhio
830 2535 849 2598 Ι.
863 2536 885 2600 l.
909 2537 951 2602 de
972 2537 1178 2604 orationibus
1192 2537 1249 2605 nd·

165 2657 286 2704 versus
316 2633 511 2720 Ductorem,
540 2636 732 2721 omninoque
759 2635 889 2701 suerunt
922 2637 976 2722 qui
1003 2638 1249 2720 contenderent,

166 2738 227 2804 has
263 2739 431 2804 orationes
461 2738 622 2803 tutelares
658 2740 699 2802 ab
733 2738 830 2803 lsaeo
859 2737 963 2802 fuisse
984 2738 1166 2806 conlectae
1210 2740 1250 2806 ht

166 2838 296 2904 lsaeum
318 2856 358 2902 eo
380 2845 525 2922 tempore
547 2836 608 2922 quo
633 2837 695 2902 hae
717 2839 883 2902 orationes
906 2838 1036 2903 habitae
1057 2844 1156 2927 sunt,
1184 2840 1250 2907 hia-

164 2946 247 3017 tum,
269 2957 363 3023 quem
384 2924 488 3022 primo
511 2944 591 3002 orat.
613 2945 726 3003 contra
748 2938 920 3023 Aphobum
941 2944 1084 3024 excepta
1104 2940 1139 3005 ira
1161 2946 1249 3007 cete-

164 3039 210 3102 ris
232 3038 425 3103 tutelaribus
447 3037 646 3104 orationibus
667 3037 855 3122 diligentins
877 3041 1035 3104 evitatunr
1053 3039 1171 3119 vides,
1190 3060 1248 3107 non

164 3156 299 3204 curasse
322 3138 442 3224 exiis,
474 3154 558 3222 quae
579 3138 661 3203 infra
683 3143 834 3214 afferam,
855 3141 1079 3224 intelligetur..
1110 3142 1249 3209 Facien-

163 3239 238 3304 dum
259 3245 369 3302 tamen
391 3254 469 3301 esse
490 3238 631 3303 arbitror
653 3257 723 3304 eum
747 3240 896 3306 Beckero
919 3242 939 3305 l.
960 3242 982 3304 l.
1006 3242 1059 3327 qui
1088 3244 1249 3309 ouatio-

162 3357 248 3403 nem
270 3336 593 3403 triererch·i·cam
614 3359 679 3405 uon
698 3341 953 3406 aDemusthene
974 3341 1156 3427 prolectam
1174 3363 1249 3410 esse

163 3437 354 3523 contendit,
398 3456 462 3523 qua
490 3439 524 3503 io
553 3459 589 3505 re
617 3460 689 3506 eum
717 3448 851 3506 secutus
880 3448 933 3506 est
963 3442 1248 3510 Westermannas.

165 3539 249 3604 Nam
272 3540 304 3603 in
326 3538 387 3604 hac
412 3539 559 3606 oratione
580 3543 685 3624 majus
715 3542 858 3606 studium
884 3542 992 3609 hiatus
1018 3543 1173 3610 evitandi
1197 3549 1252 3611 est

164 3641 385 3725 conspicuum,
428 3660 522 3726 quam
544 3641 628 3726 qnod
652 3648 704 3707 est
725 3641 980 3728 Demosthenis,
1017 3643 1077 3727 qni
1098 3644 1129 3708 ai
1152 3664 1272 3731 pausa·

162 3740 199 3805 lit
221 3741 254 3804 iu
276 3739 451 3827 loquendo,
496 3743 616 3806 hiatum
638 3762 701 3808 non
725 3749 832 3822 curat,
876 3744 1038 3828 quianon
1055 3744 1168 3811 oculis
1196 3744 1252 3812 sod

162 3842 292 3906 auribus
316 3843 483 3906 orationes
508 3842 684 3908 scribebat.
729 3842 794 3908 Dst
815 3849 922 3908 autem
952 3845 985 3908 in
1009 3843 1077 3909 hac
1106 3847 1251 3913 orsunm

161 3941 245 4008 idem
268 3943 336 4010 iere
360 3940 633 4029 dicendigenus,
655 3942 740 4030 quod
762 3947 794 4009 in
820 3951 901 4009 orat.
927 3944 970 4009 ad
990 3945 1136 4032 Philippa
1159 3948 1251 4035 epta

161 4047 198 4106 et
217 4041 249 4106 in
270 4041 501 4128 ipsa‘l'hilippi
517 4062 606 4128 quae
628 4044 744 4109 dicitur
765 4045 908 4130 epistula
923 4045 1113 4131 perspicies
1148 4049 1252 4118 {lente
