2564 4508
561 101 837 170 -uas-
950 106 956 117 ¹

92 304 98 315 ·
159 278 196 337 ln
218 271 459 356 comparatione
482 267 619 341 Periclis
636 285 712 332 cum
734 266 836 331 Fabio
856 265 999 331 Maximo
1020 269 1062 331 11.
1097 263 1189 333 199.
1214 267 1243 335 d.

160 391 218 457 pro
239 373 304 435 tusi
326 368 427 447 nutrio
448 392 484 449 γε
507 367 650 433 fortasse
670 371 735 431 duci
757 364 790 448 γ’
815 363 917 443 norbo
939 365 1148 433 scribendum
1178 370 1243 435 erit

246 474 283 534 lu
318 476 445 555 septem
474 468 571 551 igitur
601 487 684 553 qrrae
713 468 745 532 in
774 467 898 532 duabus
928 467 1008 532 vitis
1043 471 1243 553 reperiuntur

161 570 341 654 hujusmodi
364 571 454 635 uitiis
476 570 506 633 in
529 570 599 633 vita
622 566 760 632 Periclis
782 587 877 631 unum
899 561 1081 656 (cxlii.)
1103 558 1242 637 codicum

160 674 378 757 auctoritate,
420 671 555 735 alterum
579 688 597 732 e
619 659 868 744 sententia'loci
892 665 944 756 [c.
969 663 1033 757 X..)
1055 676 1092 733 et
1116 670 1241 735 tertium

159 768 217 860 (c.
249 769 368 855 xlii.)
399 771 505 833 hiatus
532 788 632 833 causa
660 770 812 850 corriges.
853 767 931 832 Non
961 768 1064 835 miuus
1092 771 1125 833 in
1155 770 1242 837 utun

160 872 296 937 Maximi
317 874 386 936 vila
407 870 471 934 tria
494 886 576 953 quae
606 873 734 933 restant
753 866 851 956 (vu.
876 868 934 933 bis.
956 874 992 934 et
1011 864 1131 959 XIV.)
1154 870 1241 943 libro·

159 993 227 1037 rum
249 970 536 1053 manuscriptorum
558 987 620 1051 ope
641 977 675 1033 et
697 969 729 1032 io
751 969 991 1051 comparatione
1013 990 1108 1037 rrunm
1130 989 1151 1037 e
1172 991 1241 1061 con-

134 1076 283 1162 xjactura
305 1072 390 1136 facili
413 1071 516 1159 tolles.
562 1067 682 1134 Cetera
705 1069 843 1134 vidimus
865 1087 944 1135 esse
965 1071 1165 1137 excusanda.

245 1173 281 1236 Iu
306 1174 374 1236 vita
398 1169 630 1245 Alcibiadis
652 1187 681 1233 c.
705 1174 730 1232 1.
758 1165 846 1233 199.
869 1189 899 1233 a.
923 1189 980 1254 pro
1003 1168 1097 1236 οὐδὲν
1116 1173 1150 1237 iu
1173 1192 1241 1239 ver·

162 1272 228 1336 hist
271 1274 341 1353 περὶ
361 1273 418 1352 μὲν
442 1259 499 1333 nhc
520 1271 579 1334 τοῦ
600 1268 740 1346 κάλλους
759 1267 968 1352 Ἀλκιβιάδου
989 1267 1083 1335 οὐδὲν
1102 1276 1181 1347 ἴσως
1198 1274 1244 1337 δεῖ
1272 1285 1282 1300 “

160 1374 261 1453 λέγειν
289 1372 431 1436 videtur,
448 1371 545 1449 μηδὲυ
572 1389 649 1436 esse
677 1368 890 1435 scribendum.
942 1369 981 1431 V.
1012 1369 1265 1437 8ουοο1οι.ἰυ·

162 1470 329 1536 Demosth.
345 1474 429 1554 App.
444 1476 484 1543 11,
499 1467 589 1542 581.
610 1472 662 1554 qui
686 1470 799 1536 docet:
822 1467 935 1548 ‚,erod
958 1472 1043 1535 enirn
1065 1472 1179 1560 seiam,
1197 1473 1238 1537 in-

161 1571 306 1636 finitivus
328 1572 381 1656 quui
404 1571 549 1655 sequitur
570 1572 784 1654 impersonale
805 1571 856 1634 δεῖ
869 1571 961 1653 jungi
982 1571 1046 1635 sibi
1067 1575 1176 1658 poscit
1199 1569 1237 1655 μὴ

164 1690 308 1758 quaeque
329 1691 399 1735 curm
423 1670 483 1733 bac
505 1671 660 1752 negatiua
682 1671 861 1754 composita
882 1678 977 1755 suut,
1020 1671 1158 1739 alteram
1185 1692 1237 1739 ne-

161 1772 306 1854 gativam
330 1787 462 1853 cumque
490 1770 545 1833 illa
577 1772 757 1854 composita
783 1769 987 1835 aversatur.“
1031 1769 1067 1837 0.
1094 1772 1132 1838 V.
1160 1770 1234 1839 lut

161 1889 192 1935 a.
223 1879 300 1955 pust
320 1866 414 1934 ταῦτ’
439 1866 699 1943 exorbaverunt
730 1872 865 1936 τελώυαι
894 1880 972 1934 unte
998 1869 1234 1959 ἐξηπορήθησαν

161 1970 293 2036 videtur
312 1972 370 2051 pin
391 1987 469 2034 esse
490 1967 726 2055 adjiciendum,
749 1977 785 2034 ul
806 1969 1006 2054 respondeat
1027 1974 1194 2059 sequentis
1207 1968 1234 2036 Ὀ

161 2068 193 2133 δ’
215 2067 429 2153 Ἁλκιβιάδης.
473 2069 520 2133 lb.
543 2089 602 2153 pro
630 2068 756 2134 ἐδεόυτο
787 2072 822 2135 δὲ
848 2072 908 2135 τοῦ
935 2068 1120 2155 ἀνθρώπου
1145 2070 1233 2159 ἀργοί·

156 2192 232 2258 *pror
253 2166 392 2245 διδόντες
414 2171 555 2233 fortasse
577 2167 717 2245 διδόντος
737 2168 892 2253 ἀργυρίου
914 2171 1069 2256 seriptum
1090 2174 1160 2239 fuit.
1192 2167 1232 2247 Ah

161 2275 269 2345 antem
290 2271 419 2334 minime
440 2289 511 2335 cnm
532 2269 722 2355 Bryano·in
743 2272 777 2335 δὲ
799 2279 853 2336 est
873 2272 1075 2351 mutandum,
1098 2273 1232 2360 quonism
1253 2318 1256 2323 -

161 2368 339 2453 respondet
360 2390 451 2455 sequ.
473 2370 517 2434 dd.
563 2368 642 2456 Cap.
666 2375 726 2436 Vl.
749 2368 838 2437 191.
861 2391 887 2436 c
911 2392 970 2456 pro
994 2373 1122 2439 verbisa
1144 2372 1164 2452 ἡ
1183 2367 1232 2437 διὸ

162 2470 362 2535 Θουκυδίδου
384 2472 536 2551 λογομέυη
563 2478 750 2554 παρανομία
778 2480 822 2546 εὶς
851 2470 889 2535 τὸ
916 2473 1010 2553 σῶμα
1041 2476 1100 2551 τῆς
1124 2476 1234 2549 droer'tnt

161 2571 371 2656 Thucydides
392 2570 476 2660 (VI,
505 2567 586 2660 15.)
609 2571 725 2636 hahet:
747 2573 802 2647 τῆς
823 2595 857 2634 τε
877 2571 965 2636 κατα
982 2560 1024 2637 ’τὸ
1045 2570 1234 2639 ἑαυτοῦ-οδ·

29 2682 32 2686 ’
158 2695 206 2752 μα
226 2680 429 2757 παραυομίας
450 2677 482 2746 ἐς
501 2669 559 2748 τὴν
580 2673 730 2748 δίαιται,
774 2691 838 2757 qun
866 2672 908 2737 dc
930 2691 1032 2738 eausa
1052 2672 1235 2739 Plutarchus

161 2771 299 2836 lteiskio
335 2792 355 2835 a
395 2790 477 2836 vera
516 2773 661 2837 historici
698 2775 862 2837 sententia
897 2772 1074 2837 aberrasse
1107 2774 1234 2839 videtur.

160 2872 268 2936 Recte
290 2880 399 2938 tamen
424 2890 496 2935 eum
519 2872 678 2938 Bactrius
702 2873 856 2937 reirrtavit
878 2879 1043 2956 ultrumque
1068 2874 1183 2939 locum.
1198 2872 1236 2937 itu

161 2970 344 3057 explicans,
375 2978 409 3035 ut
431 2973 490 3035 sit:
534 2973 789 3058 „illegitima
810 2972 1046 3038 Alcibiadis
1075 2970 1236 3041 vivendi

160 3070 301 3147 ratio,.
324 3077 530 3156 quatenus
553 3073 597 3137 ad
622 3092 775 3157 corpus
796 3073 871 3138 illa
899 3075 1135 3157 spectabat.
1177 3072 1246 3141 Suu

159 3171 269 3254 spicor
296 3180 403 3237 autem
435 3174 637 3240 Plutarchum
665 3175 699 3237 in
724 3191 766 3238 'eo
795 3179 894 3259 certe¹
914 3172 1143 3256 Thucydidem
1172 3190 1240 3247 essu

160 3279 304 3337 secutum
328 3279 362 3337 ut
382 3272 487 3353 κατὰ,
512 3293 576 3338 nou
597 3280 642 3349 είς
663 3280 741 3339 aute
762 3271 801 3337 τὸ
822 3275 941 3339 ἑαυτοῦ
962 3277 1056 3373 σῶμα
1072 3276 1237 3343 scriberet

162 3365 197 3435 C·
210 3374 301 3449 XIII.
321 3369 409 3437 196.
423 3393 453 3438 e.
470 3373 606 3458 Φέρεται
628 3373 662 3437 δὲ
674 3375 739 3437 ,καὶ
761 3371 857 3454 λόγος
879 3398 927 3449 τις
946 3370 1017 3439 κατ’
1040 3368 1241 3460 Ἀλκιβιάδου
1259 3396 1267 3405 “

158 3467 222 3535 ὑπὸ
244 3471 393 3548 Φαίακος
413 3480 631 3558 γεγραμμένος
652 3493 671 3539 e
694 3474 881 3556 conjecture
902 3474 1064 3559 Xylaudri
1096 3473 1164 3567 (de
1182 3492 1239 3561 qun

158 3576 266 3637 tameo
294 3574 366 3658 ipse
392 3568 540 3662 dubitat)
569 3579 605 3639 et
632 3574 738 3639 Anon.
765 3581 819 3640 est
849 3575 971 3640 editum
1000 3580 1036 3639 et
1062 3578 1240 3663 a'l'nylnrn

159 3673 334 3756 probatum,
358 3694 427 3738 curm
449 3675 520 3738 libri
543 3692 656 3738 ornnes
678 3681 845 3741 tueantur:
869 3672 937 3739 κατ’
960 3673 1171 3759 Ἀλκιβιάδου
1188 3678 1240 3741 καὶ

160 3771 316 3849 Φαίακος.
361 3775 519 3838 Retsldns
547 3773 589 3839 de
616 3796 675 3840 suo
704 3775 815 3841 dedite
846 3772 889 3851 ὠς
919 3775 1044 3841 Φαιακι
1072 3778 1240 3844 conserens

159 3893 258 3958 supra
288 3873 430 3937 dictumz
460 3870 556 3954 λόγος
574 3872 749 3959 Ἰσοκράτει
777 3882 966 3960 γέγραπται.
1011 3877 1121 3943 Posse
1148 3878 1240 3945 olim

160 3976 297 4058 proferri
327 3973 420 4039 addit
450 3975 564 4039 Reisk.
593 3973 635 4052 ὡς
663 3972 723 4041 ὑπὸ
747 3976 905 4053 Φαίακος.
950 3978 1103 4045 Donatus
1124 3978 1241 4045 vertit:
