2580 4514
500 202 880 309 *tr-J·

86 376 257 498 formam,
267 415 405 482 ionicam
418 433 440 480 a
451 412 669 500 grammaticis
680 411 895 499 appellatam,
912 413 980 494 jam
995 412 1072 478 ante
1089 413 1201 480 Bel:
1277 460 1281 471 .

90 520 211 587 lterum
232 518 355 605 passim
383 517 503 584 lectam
524 533 602 592 esse
630 512 760 581 ostendi
782 512 824 579 ad
847 514 970 598 Areop.
998 511 1102 597 408,
1129 514 1183 581 ubi
1229 523 1234 543 ¹
1284 585 1285 594 ,

90 621 195 688 etiam
215 616 417 733 significavi,
439 616 526 703 quod
548 612 619 705 95,
641 613 703 689 65.
726 612 789 703 πρὸ
809 619 933 680 ἐκείνου
953 615 1008 682 lev
986 623 1097 705 gatar,
1118 637 1184 685 non

91 719 280 810 crantore,
311 719 387 805 quia
408 723 538 804 etpost
559 717 620 803 πρὸ
642 723 676 785 et
697 722 774 804 post
794 718 872 802 περὶ
886 715 1033 784 vocalem
1056 719 1205 814 admitti,
1252 716 1256 725 '

91 825 237 890 constet.
281 819 334 886 De
356 819 418 886 lmo
438 838 476 884 re
495 824 602 884 tamen
624 818 688 884 viri
709 817 796 883 docti
818 815 1058 904 dubitaverunt,
1080 823 1184 898 κεῖιιος
1248 882 1250 890 .

93 940 141 989 an
158 900 278 997 ’astruo
297 940 369 988 com
390 919 543 987 coronide
563 915 766 986 scribendum
789 922 842 986 sit.
879 919 1053 1011 Bekkcros
1074 921 1157 989 bac
1148 944 1184 990 ιιι

92 1040 134 1091 re
157 1023 225 1089 sibi
251 1041 316 1090 nun
344 1021 492 1088 constitit
526 1026 561 1086 et
600 1020 683 1101 adeo
710 1020 938 1092 Berolineosia
972 1027 1008 1088 et
1034 1023 1185 1093 Londioa

91 1123 247 1240 exempla
277 1123 436 1190 differunt.
500 1120 687 1188 Dindordus
715 1129 829 1187 contra
856 1121 956 1221 inde,
1003 1123 1088 1211 qood
1118 1135 1183 1193 κεῖ-

92 1248 152 1303 soc
172 1225 235 1292 vix
254 1244 392 1312 unquam
414 1233 489 1310 post
509 1229 740 1290 consonantem
761 1224 889 1289 literam
908 1214 1066 1310 scriptum
1094 1230 1184 1294 cbm

95 1333 240 1416 pareat,
277 1324 465 1392 conclusit
457 1343 490 1389 ιιι
511 1323 651 1410 praefat.
673 1323 716 1390 ad
738 1323 908 1389 Demostb.
932 1346 978 1411 p.
985 1325 1045 1390 lv.
1068 1328 1185 1415 ubique

90 1423 210 1515 astron
230 1444 308 1493 esse
330 1415 551 1512 scribendum,
572 1445 636 1511 qua
657 1426 692 1490 in
716 1443 754 1491 re
775 1444 847 1490 eom
870 1432 1004 1490 secutus
1027 1433 1080 1492 est
1102 1427 1184 1495 Bai·
1248 1446 1250 1451 ’

94 1535 188 1596 terns
208 1527 251 1601 ad
272 1527 396 1611 Paneg.
419 1547 449 1613 p.
476 1524 536 1591 17.
582 1527 627 1591 At
649 1525 726 1593 mihi
748 1525 851 1623 Attici
871 1535 975 1600 κεῖνος
1003 1527 1050 1591 oti
1075 1529 1186 1596 θέλειν

75 1627 353 1715 ,mnusquidem
374 1627 435 1694 sed
459 1633 566 1694 tamen
589 1630 685 1693 tum
676 1630 823 1714 rnprinris
846 1631 896 1694 nsi
918 1645 995 1694 esse
1010 1627 1185 1711 uidentur,

94 1751 169 1800 eum
190 1729 315 1807 vocalis
336 1727 564 1806 antecederet,
586 1730 632 1793 ita
653 1737 689 1793 ut
710 1749 815 1815 neque
837 1731 869 1794 in
893 1730 1003 1794 θέλειν
1024 1749 1130 1816 neque
1151 1731 1187 1797 in

91 1843 201 1908 κεῖνος
221 1829 385 1896 coronidis
406 1829 531 1913 signum
550 1828 735 1894 addendum
758 1848 835 1894 esse
849 1849 1012 1918 censeam,
1034 1831 1092 1896 sed
1105 1850 1186 1897 sen-

92 1933 174 2002 tiam
199 1931 331 1997 Atticos
367 1931 441 2016 ipsa
473 1931 567 1995 verbi
601 1931 703 1995 fornia
732 1937 859 1995 coartata
888 1929 929 1994 ad
956 1931 1076 1997 hiatum
1111 1934 1186 1998 evi·

91 2031 229 2100 tandum
250 2049 329 2097 esse
349 2050 436 2095 usos.
466 2031 633 2095 librarios
654 2031 707 2096 hic
728 2032 794 2096 illic
816 2032 1186 2100 coronidemaddidisse

92 2133 126 2199 is
145 2153 211 2199 non
232 2133 407 2221 mirabitur,
429 2133 482 2223 qui
496 2151 589 2218 quam
600 2133 746 2217 impense
768 2132 801 2197 id
819 2133 940 2198 librarii
961 2141 1080 2222 ament,
1101 2134 1186 2201 bene
1268 2170 1270 2175 ·

93 2233 170 2299 soit.
225 2232 301 2295 Vid.
330 2231 475 2296 Lobeck.
502 2231 544 2296 ad
571 2232 748 2316 Phrynich
783 2253 815 2318 p.
846 2232 880 2298 7.
938 2234 990 2300 lta
1021 2235 1148 2301 lsocrat
1135 2243 1187 2302 tes

94 2332 194 2400 etiam
219 2328 315 2411 1⁰5,
342 2329 484 2396 1159111
506 2332 636 2408 verbis:
678 2330 698 2411 ἢ
730 2323 818 2412 ἐξ
791 2358 838 2398 ιιι
860 2353 926 2399 non
948 2338 1016 2421 sic,
1056 2337 1116 2400 sed
1138 2337 1186 2401 uti

94 2433 198 2519 volgo
220 2430 358 2496 habent.
387 2428 473 2524 irrep
486 2420 567 2509 ἐξ
542 2455 586 2495 ιιι
607 2432 712 2499 ionico
734 2451 823 2500 more
847 2433 976 2499 uidetur
986 2435 1185 2520 scripsisse.

95 2531 281 2600 Rarissime
311 2531 396 2596 enim
430 2528 612 2616 quidem
592 2554 670 2617 prosp
704 2533 758 2618 teg
738 2534 844 2599 critur
852 2540 887 2600 et
914 2535 1073 2615 Hartong
1044 2554 1115 2597 orus
1145 2532 1187 2598 de

94 2629 221 2695 Partic-
241 2643 351 2717 graec.
373 2629 407 2712 l,
430 2624 521 2690 344.
554 2628 682 2692 omnino
704 2634 825 2712 negat,
855 2633 986 2698 Atticos
1009 2628 1188 2712 scriptores
1274 2639 1276 2644 ·

95 2747 138 2798 eo
159 2745 238 2794 esse
260 2745 355 2814 usos,
397 2727 459 2791 sed
480 2744 521 2791 ea
543 2727 616 2812 ipsa
640 2726 682 2792 de
704 2738 804 2793 causa
826 2749 846 2794 a
868 2727 1010 2795 librariis
1031 2729 1064 2792 in
1086 2727 1188 2794 Urbi-

95 2835 176 2898 uate
196 2833 350 2894 mutatum
373 2845 452 2893 esse
474 2826 614 2893 videtur.
656 2823 740 2908 Quia
767 2835 874 2895 autem
901 2830 1068 2895 Isocrates
1096 2831 1188 2913 ejus-

95 2929 184 3000 modi
204 2927 311 2994 hiatus
332 2927 408 2994 ulibi
430 2947 494 2994 non
515 2928 654 3017 admisit,
675 2929 760 2995 idem
775 2930 818 2996 de
836 2932 898 2997 hoc
920 2930 1022 2997 verbo
1044 2929 1187 2996 aitirma-

96 3032 214 3118 verim,
236 3028 324 3116 quod
342 3048 440 3115 supra
462 3027 504 3096 de
525 3027 608 3095 διότι
630 3035 683 3095 est
704 3030 835 3111 dictum,
857 3033 898 3098 ab
911 3032 1058 3098 lsocrate
1081 3032 1190 3097 hiatus
1215 3085 1219 3089 .

97 3131 249 3200 evitandi
269 3130 376 3214 gratia
398 3147 477 3196 esse
498 3131 545 3196 ita
568 3132 731 3216 scriptum.
777 3133 849 3217 Περ
873 3140 963 3199 certe
985 3132 1027 3198 ad
1048 3134 1188 3200 relativa

98 3230 248 3316 alasque
272 3231 450 3314 particulas
472 3236 538 3295 tum
559 3233 697 3296 maxime
719 3230 884 3320 adjicitur,
904 3242 907 3248 ’
927 3232 956 3298 si
985 3236 1108 3300 vocalis
1131 3256 1189 3302 se·

98 3332 218 3420 quitur,
239 3330 272 3396 id
294 3331 379 3416 quod
401 3333 589 3417 perspicere
611 3333 735 3416 poteris
757 3353 800 3398 ex
821 3333 910 3400 Plat.
925 3333 1017 3420 303,
1036 3331 1104 3401 34.
1125 3332 1186 3401 36.

100 3431 167 3499 37.
190 3430 324 3497 Archid.
350 3428 442 3517 136,
468 3430 751 3516 montivago
774 3422 824 3511 οὗ,
847 3453 933 3503 nunc
954 3441 1060 3501 autem
1082 3437 1190 3503 vocali

100 3538 263 3621 aequem
278 3521 376 3619 οὗπερ
392 3539 445 3598 est
460 3532 589 3598 editum.
613 3532 704 3598 ldem
719 3533 761 3600 de
774 3532 936 3618 ἐπειδήπερ
949 3536 1083 3603 Archid.
1100 3535 1190 3624 173,

100 3633 167 3703 65.
202 3639 288 3716 εἴπερ
321 3632 432 3698 Antid.
471 3631 568 3720 313,
599 3629 661 3698 17.
700 3631 815 3724 ἐάνπερ
843 3636 957 3702 Antid.
994 3633 1097 3727 315,
1127 3626 1189 3704 38.

100 3732 242 3822 ὅθενπερ
256 3733 365 3798 Busir.
382 3730 474 3822 aad,
492 3732 552 3798 15.
569 3733 816 3813 estdicendom.
860 3737 1061 3806 Herodotum
1082 3747 1190 3806 autem

104 3854 198 3902 usam
219 3852 299 3900 esse
323 3835 425 3901 verbo
446 3832 524 3918 ᾗπερ
545 3835 644 3901 testis
672 3842 725 3901 est
750 3837 834 3903 idem
856 3839 1059 3921 Hartongius
1088 3841 1107 3904 Ι
1135 3841 1189 3907 all.

101 3953 211 4024 neque
222 3940 330 4002 manus
345 3934 501 4021 Polybius
514 3953 553 4000 eo
571 3935 658 4000 solet
671 3937 719 4002 utr
742 3957 774 4003 v.
793 3938 867 4008 Lib
880 3940 926 4027 ll,
949 3959 1020 4026 cap.
1042 3940 1103 4006 61.
1126 3938 1188 4006 61.

193 4035 276 4103 ltcm
298 4034 340 4102 de
368 4035 563 4102 anctoritate
591 4035 763 4102 Urbinatis
786 4038 1001 4107 dubitaverim
1018 4037 1101 4128 98,
1125 4039 1190 4110 83.

100 4137 298 4205 inverbis:
344 4135 427 4225 Περὶ
447 4137 506 4218 μὲι
527 4124 585 4203 οὖν
611 4139 872 4220 casaperota
886 4132 932 4206 oio
959 4141 1013 4208 σοι
1032 4150 1191 4231 πρακτέον

968 4246 990 4308 2
1119 4270 1122 4277 .
