2580 4514
510 162 551 176 -
614 127 782 191 374-

91 274 112 313 ⁸
188 300 226 361 tn
248 297 317 361 vita
337 291 575 361 Cleomenis
596 312 625 358 r.
647 296 704 357 111.
727 288 819 359 806.
841 312 872 359 a.
895 293 931 359 in
951 292 1087 361 verbine
1110 290 1189 361 ‘ort

104 390 249 479 Ξενάρης
269 393 307 459 τὸ
328 397 387 476 μὲν
407 396 535 479 πρῶτον
556 391 616 459 οὐκ
636 392 743 471 ἀηδῶς
762 400 918 477 ἐμέμνητο
946 394 1012 459 τῶν
1040 390 1190 481 πραγμά-

104 517 171 559 των
191 500 328 573 ἐκείνων,
350 491 393 570 ὠς
413 494 566 579 ἐπράχθη
586 492 667 559 καθ’
691 496 816 560 ἕκαστον
836 494 1040 575 μυθολογῶν
1060 494 1119 557 mi
1131 494 1189 571 δτηί

104 591 282 676 γοὺμενος·
326 592 368 669 ὡς
389 593 421 659 δ’
445 584 484 673 ἦν
505 592 699 680 καταφανὴς
719 593 809 677 αὐτῷ
837 588 856 657 ὁ
877 590 1072 675 Κλεομένης
1098 598 1190 675 inm

105 694 265 779 θέστερον
285 702 451 782 προσέχων
470 718 501 758 κ.
523 719 552 759 τ.
575 697 605 759 λ.
627 696 726 759 veiim
748 714 807 780 pro
827 690 918 775 αὐτῷ
939 690 1107 757 scribatur
1134 688 1191 773 ah

106 804 175 868 τοῖς
201 795 220 856 i.
242 813 272 859 e.
303 795 400 860 rebus
428 794 494 858 iiiis
521 796 563 859 ab
589 795 698 879 Agide
728 796 846 881 gestis.
889 792 1083 879 Sequuntur
1114 792 1192 859 enin

105 893 208 959 haec:
252 898 308 959 καὶ
328 891 514 975 κινούμενος
534 892 702 981 ὑπερφυῶς
722 892 803 983 πρὸς
822 890 882 971 τὴν
901 895 1120 973 καινοτομίαν
1138 892 1191 957 τοῦ

101 993 252 1076 Ἀγιδος,
289 1012 372 1079 quae
394 994 643 1060 Sohoemaoous
669 996 717 1061 its
748 994 923 1080 explicuitz
964 990 1016 1059 ed
1047 990 1193 1077 Agidis

106 1094 379 1159 novandarum
401 1113 535 1159 rerum
556 1096 743 1161 consitio
773 1094 1044 1161 vehementer
1069 1090 1193 1159 anino
1226 1108 1234 1155 .·

109 1202 331 1260 commotus
352 1195 384 1259 h.
407 1213 438 1259 e.
461 1195 528 1259 uhi
550 1195 599 1261 de
620 1197 673 1259 iir
695 1195 861 1261 audiret
881 1198 1132 1265 narrantem.
1159 1190 1191 1257 o.
1231 1228 1234 1247 ·

108 1298 167 1360 lV.
190 1293 280 1361 806.
303 1295 325 1360 f.
354 1296 388 1360 in
410 1296 542 1361 verhist
584 1304 650 1361 τάν
670 1297 818 1361 παλαιάν
837 1316 925 1369 τινος
944 1288 1078 1369 αὐτοὺς
1088 1289 1194 1375 hupi-

107 1418 206 1476 μνησε
225 1396 386 1478 βασιλέων
407 1394 562 1473 εἰπόντος,
585 1393 635 1460 ὅτι
657 1393 698 1461 οὐ
717 1392 823 1475 μάτην
844 1390 1104 1475 Λακεδαιμόνιοι
1123 1414 1195 1457 unr-

107 1491 274 1559 θάνοντάι
294 1497 364 1578 περὶ
385 1498 451 1560 τῶν
471 1498 630 1577 πολεμίων
652 1493 692 1559 οὐ
712 1492 809 1560 πόσοι
829 1496 929 1580 sloh,
956 1488 1047 1559 ἀλλὰ
1069 1494 1134 1559 ποῦ
1151 1496 1194 1557 ri·

107 1617 170 1658 σιν.
191 1595 290 1677 vuigo
311 1593 351 1659 οὐ
372 1602 448 1680 post
469 1591 521 1660 ὅτι
542 1616 606 1660 non
627 1596 746 1679 iegitur
770 1601 805 1661 et
826 1614 885 1681 pro
906 1590 947 1657 ori
968 1590 1085 1673 aium,
1116 1589 1194 1679 quoti
1222 1646 1226 1655 ,

109 1695 231 1779 primns
252 1693 443 1779 Stephanus
474 1715 494 1762 e
521 1697 614 1763 Junt.
642 1694 755 1773 dedit,
796 1696 830 1759 in
859 1693 934 1759 Aio
961 1698 998 1759 et
1027 1691 1120 1759 Cret.
1147 1696 1195 1759 ert

110 1789 235 1857 ὁπόσοι.
280 1792 471 1878 Stephanus
492 1801 600 1861 tamen
621 1795 757 1861 otendit
776 1796 810 1859 in
831 1794 883 1859 his
903 1794 1018 1859 verbis
1047 1790 1194 1871 oensem,

109 1912 175 1958 non
196 1900 420 1959 consentanea
441 1914 523 1961 suae
543 1896 728 1979 gloriationi
749 1894 835 1981 ioqui
856 1892 1077 1973 Cleomenem,
1096 1894 1129 1961 'si
1148 1890 1195 1957 ti-

92 1999 188 2059 eet:
231 1993 393 2060 trustra
428 1994 787 2061 Lacedaemonios
823 1995 1089 2081 interrogare
1126 2012 1195 2061 non

111 2099 207 2178 quot
229 2095 315 2159 sint
337 2093 509 2173 hostes,
538 2094 611 2160 sed
634 2096 700 2159 uhi
728 2095 829 2161 sint.
874 2097 982 2161 Atiert
1001 2094 1127 2163 deinde
1146 2094 1195 2161 in-'

110 2198 297 2280 terpretes,
343 2212 476 2280 quorum
497 2195 581 2261 aiter
608 2196 747 2260 vertitz·
774 2196 840 2280 qni
869 2196 1055 2285 dixerat,
1094 2212 1197 2263 nun-

80 2319 83 2325 ·
112 2311 225 2379 quam
269 2294 316 2360 de
360 2295 553 2360 hostibus
601 2314 806 2380 quaerere
849 2294 1198 2363 Lacedaemonios

111 2401 206 2479 quot
234 2402 400 2482 esseut,
433 2396 505 2461 sed
535 2396 599 2461 nbi
627 2404 787 2461 essent.
831 2398 930 2463 Alter
949 2398 1199 2483 interpretatur

111 2513 187 2558 non
209 2495 364 2560 dehere
386 2497 648 2578 interrogare
671 2495 1027 2563 Lacedaemonios
1047 2492 1197 2583 quales

111 2589 218 2683 (quod
240 2614 320 2661 sane
343 2594 457 2661 ὁπόσοι
480 2595 668 2680 significare
690 2592 823 2685 nequit)
855 2595 930 2661 sed
957 2596 1197 2673 uhihostes

110 2703 268 2761 essent.
312 2696 391 2781 lpse
412 2698 510 2781 igitur
532 2693 571 2760 οὐ
591 2693 698 2775 μάτην
717 2695 926 2761 oPiutareho
950 2694 1198 2781 seripturnesso

112 2804 229 2861 censet
254 2803 289 2862 et
314 2805 490 2881 auguratur
522 2797 589 2879 legi
618 2815 718 2880 posse
746 2793 892 2873 εἰπόντος
929 2799 970 2861 ori
1002 2792 1113 2876 μάτην
1140 2790 1198 2859 ὅτι.

112 2892 316 2982 Stephanum
337 2897 442 2961 secuti
463 2903 541 2989 suot
561 2895 660 2961 Kind.
691 2901 727 2961 et
747 2892 919 2963 Schiraoh.
941 2896 1061 2963 Daoer.
1087 2892 1200 2979 suspi-

111 3002 204 3062 ratur
225 2993 275 3061 ὅτι
297 2994 357 3061 οὐκ
377 2995 420 3062 άν
440 2993 489 3074 δὴ.
533 2997 691 3062 Reishius
712 2995 756 3060 nii
778 3015 900 3063 censae
920 3016 960 3062 se
980 2994 1098 3063 vidue
1118 2994 1200 3061 iate·

112 3103 180 3178 tur,
203 3117 260 3163 eur
280 3093 386 3176 μάτην
408 3097 612 3183 soilioitetur‚
633 3099 664 3162 si
685 3095 762 3183 quit
783 3098 968 3163 mutandum
989 3097 1052 3175 rit,
1078 3092 1203 3161 nrnvut

110 3195 219 3278 μάχην
240 3194 472 3281 oenophorum,
496 3197 582 3284 quod
596 3198 844 3264 Sohaemonnus
864 3198 970 3263 minus
990 3192 1200 3283 inrprohnhiie

112 3316 190 3363 esse
211 3296 291 3362 dicit
307 3297 473 3381 judicium,
495 3316 591 3382 qnam
613 3297 741 3382 'l'onpii‚
764 3298 817 3382 qui
838 3297 873 3363 in
894 3294 1032 3363 umens.
1054 3296 1089 3362 in
1106 3284 1199 3361 'suin

112 3402 153 3461 ΙΙ.
180 3394 270 3461 324.
294 3398 433 3481 conjecit
452 3395 501 3478 μά
521 3394 595 3485 τὴν,
629 3403 664 3461 ut
685 3398 730 3462 sit
746 3396 878 3480 jurandi
899 3396 1034 3463 formale
1055 3394 1198 3482 eltiprioa

111 3498 219 3584 posita
234 3504 270 3565 et
286 3497 423 3576 Coraes,
444 3498 498 3583 qui
518 3494 625 3579 μάτην
645 3499 678 3563 in
700 3499 827 3580 μαθεῖν
847 3496 964 3563 mutari
984 3494 1059 3562 vult
1078 3500 1118 3561 ut
1137 3494 1198 3559 sita

110 3601 250 3682 ἐρωτῶσι
280 3599 415 3679 μαθεῖν.
478 3595 679 3664 Sehheierus
708 3604 817 3664 eutem
846 3595 888 3662 οὐ
914 3594 1041 3663 addidit
1068 3608 1090 3669 e
1119 3594 1201 3677 thul·

84 3697 293 3786 Stephani,
337 3717 431 3784 quam
453 3699 552 3763 etiam
573 3697 698 3765 Ooraes
719 3718 785 3763 uon
805 3702 981 3784 spreverat
1007 3696 1047 3763 'et
1066 3692 1202 3763 Senne—

110 3819 266 3884 manous‚
288 3799 394 3865 donee
415 3800 538 3865 certius
558 3800 679 3886 aliquid
700 3798 905 3879 inveniatur,
926 3796 1103 3865 moenum
1123 3814 1202 3865 esse

111 3900 297 3967 arbitratur.
340 3900 425 3965 Nem
445 3896 552 3980 μάτην
572 3919 638 3965 non
659 3899 762 3965 solum
783 3900 947 3965 trustra
967 3904 1004 3966 at
1023 3899 1119 3965 sine
1138 3896 1199 3965 et·

111 4000 222 4066 tectu
245 4000 448 4088 significare,
468 4000 530 4067 sed
552 4002 651 4068 etiam
673 4006 845 4087 temere,
866 4000 989 4081 ialso,
1017 4002 1113 4067 sine
1132 4004 1205 4067 1·ιὸ
