2580 4514
499 117 776 194 ..4⁴75-

79 293 226 386 nubem·
244 297 297 363 uti'
314 295 427 382 vulgo,
452 295 761 365 scribendumsesse
783 281 865 362 vidit
886 294 1072 382 Xylander‚
1101 316 1181 384 pro·

78 398 190 464 hante
214 398 388 484 Wyttenb.
412 396 454 463 od
476 395 566 465 596.
589 419 618 465 ο.
643 399 694 465 ubi
717 397 803 464 Plut.
828 397 939 482 Pelop.
964 395 1056 464 283.
1077 417 1105 464 c
1129 408 1184 465 nt·

78 493 189 588 tulit)
214 497 300 564 adde
321 495 388 563 τὸν.

181 598 386 666 Videbantur
406 598 588 683 igiturhoc
609 600 642 665 in
664 599 746 664 libro
768 598 911 665 sedecim
934 598 1014 688 loci,
1048 601 1081 664 in
1101 601 1184 687 -qui-
1217 680 1220 685 4

78 699 150 765 bus
174 700 338 766 vocalium
359 703 535 765 concursus
557 700 753 788 offendebat,
775 698 969 766 emendandi
990 719 1069 766 csse
1087 700 1186 787 idque
1217 747 1225 752 —

78 800 156 878 ita,
186 805 224 864 nt
251 802 284 866 in
312 800 453 888 quinque
484 800 616 868 codices
636 802 670 867 id
693 800 893 879 suaderent,
934 801 975 866 cf.
998 802 1025 866 Ι.
1047 801 1105 866 tx.
1127 802 1186 866 ΧΙ.

78 900 170 991 XX.
201 901 311 978 XXI„
356 900 389 966 in
417 901 557 986 quinque
585 904 661 968 aliis
690 903 733 969 de
755 902 866 967 causis
888 908 987 968 etex
1009 923 1068 969 usn
1092 903 1186 968 ctut-

79 1002 183 1087 archi
210 1001 344 1066 mntntio
372 1001 653 1085 commendaretur
680 1010 709 1066 ο.
733 1001 808 1066 ΧΙΙ.
841 1003 901 1068 bis.
930 1001 1040 1068 ΧΧΙΙ.
1061 1001 1187 1068 ΧΧΙΙΙ.

80 1101 213 1184 XXV„
234 1103 275 1173 in,
288 1103 410 1169 ceteris
432 1108 539 1168 autem
560 1103 704 1188 suspicio
726 1102 933 1188 corruptelae
954 1121 998 1169 ex
1020 1103 1186 1177 hintuex-

79 1205 239 1291 sisteret,
260 1203 364 1269 veluti
384 1203 427 1268 X.
450 1202 542 1268 xiv.
563 1203 622 1268 bis.
644 1203 717 1268 XV.
739 1203 865 1269 XXIV.
887 1209 922 1270 et
943 1203 1102 1273 xxvffl.

180 1305 219 1369 Ιο
239 1304 320 1369 libro
342 1302 392 1369 de
414 1304 546 1370 exilio
569 1322 597 1369 c.
619 1305 659 1371 V.
683 1301 774 1369 601.
795 1324 825 1370 n.
858 1304 891 1369 in
915 1304 1048 1370 verbis:
1092 1292 1184 1370 οὗτοι

82 1407 149 1484 τῆς
169 1406 325 1489 πατρίδος
353 1403 444 1486 ἡμῶν
471 1401 543 1490 ὅροι
569 1407 631 1470 εἰσὶ
658 1404 798 1470 fortasse
827 1409 889 1469 eloi
918 1410 971 1469 cst
1002 1403 1182 1471 delendum.

87 1505 222 1592 Copula
244 1507 330 1571 enim
350 1507 449 1571 etium
470 1507 504 1570 in
531 1507 571 1571 iis
602 1525 687 1591 queo
704 1511 894 1591 ‘sequuntur
921 1505 1025 1570 abest
1067 1502 1104 1570 C.
1126 1506 1184 1598 Vl.

87 1605 189 1673 601.
212 1605 243 1672 d.
272 1607 306 1671 in
329 1607 466 1673 vertis:
508 1612 573 1689 εἴγε
594 1603 632 1684 δὴ
654 1602 778 1683 ἀληθὲς
797 1605 930 1672 uidetur
951 1601 989 1682 δὴ
1012 1603 1183 1672 delendum

86 1727 182 1776 esse·
226 1705 264 1772 G.
287 1707 362 1774 ΧΙΙ.
386 1704 474 1777 604.
501 1708 530 1772 b.
548 1727 618 1792 ,ρῐο
648 1703 721 1775 οὐδὲ
749 1707 807 1771 οὖν
835 1702 1025 1797 μέλει-(ἡμῖν
1053 1704 1185 1778 vidctut

86 1806 167 1875 οὐδὲ
188 1809 246 1873 οἷα
266 1804 342 1888 ἡμῖν
359 1811 448 1891 μέλει
470 1827 549 1874 esse
565 1807 782 1875 scribendum.
819 1805 913 1889 Quod
933 1811 1041 1874 nutem
1065 1807 1192 1874 neustr„

89 1898 152 1976 οὖν
174 1929 233 1994 pro
254 1911 312 1974 οῦο
337 1908 460 1974 mcvntt
488 1909 583 1974 etin
611 1907 690 1974 Bes.
718 1906 829 1989 μέλλοι
859 1913 936 1995 est,
979 1925 1043 1973 non
1072 1909 1184 1994 probo.

89 2007 131 2077 0.
161 2009 253 2075 xvl.
280 2005 372 2074 606.
400 2027 427 2074 c.
459 2009 491 2075 in
521 2008 636 2074 verbis
664 2007 824 2095 Diogenis
857 2007 1032 2074 excusabis
1057 2007 1184 2081 trintum

89 2109 246 2198 ἀφῖχθαι
267 2105 379 2174 αὑτοῦ.
421 2109 500 2175 Non
521 2109 627 2185 minus
648 2110 690 2175 it.
712 2112 745 2175 in
766 2109 895 2176 verbis:
915 2104 1185 2198 πρὸςἉοςιοχοο,

88 2213 231 2297 βασιλέα
251 2207 332 2274 ὄντα
341 2208 482 2296 ,φυγὰς
503 2208 548 2276 ὢν
570 2211 713 2276 fortasse
735 2210 775 2276 ob
798 2210 980 2295 oppositum
1002 2207 1110 2274 hictus
1132 2215 1185 2276 est
1234 2249 1235 2255 κ

90 2311 258 2398 ferendus,
278 2308 770 2377 anteexistentem
792 2311 915 2394 verbis,
935 2309 1182 2397 quihusnirqurs
1214 2308 1233 2321 “

93 2412 327 2478 Antisthenem
350 2416 404 2476 est
423 2409 600 2478 allocutus·
624 2410 754 2547 Φρυγία
765 2435 827 2476 σου
848 2406 976 2488 turtur>
964 2405 1102 2495 [μήτηρ
1116 2430 1184 2477 non

92 2513 247 2580 offendet

179 2615 265 2679 Tres
286 2612 383 2697 igitur
405 2612 513 2678 hiatus
534 2612 669 2679 solum
659 2632 692 2678 in
714 2612 777 2678 hoc
797 2611 964 2681 Plutarchi
986 2613 1110 2761 scripto
1133 2616 1187 2680 vi·

91 2700 213 2782 dentur
227 2732 306 2779 esse
323 2713 475 2779 tollendi..

181 2817 217 2879 ln
240 2815 534 2880 consolatione
555 2815 601 2880 nd
624 2835 788 2884 uxorem
810 2832 874 2882 non
896 2815 1066 2881 haerebis
1058 2835 1090 2881 ιο
1107 2833 1183 2881 vcr-

93 2918 144 2982 bis
167 2915 270 2980 initii:
293 2912 511 2999 Πλούταρχος
535 2919 575 2999 τῇ
595 2918 725 2998 γυναικὶ
746 2904 782 2980 εὗ
802 2913 962 2999 πράττειν,
983 2934 1091 3002 neque
1104 2921 1184 2983 cll.

94 3014 189 3082 608.
212 3035 242 3081 c.
263 3016 297 3087 in
319 3019 428 3080 καίτοι
450 3023 527 3082 ante
549 3015 620 3082 οὐδ
646 3013 745 3093 αὐτὸς
776 3018 901 3103 posito,
930 3015 989 3081 sed
1012 3016 1070 3081 lv.
1092 3011 1185 3082 609.

92 3138 120 3184 c.
143 3136 203 3203 pro
224 3117 321 3197 mdiu
343 3117 477 3183 οἴεσθαι
497 3108 595 3196 ἧττον
617 3117 744 3183 scribas
765 3118 862 3199 μηδὲν
883 3107 980 3194 ἧττον
1002 3117 1136 3183 οἴεσθαι
1151 3122 1186 3183 et

94 3218 136 3283 V.
167 3212 259 3287 609.
283 3235 311 3281 e.
336 3236 393 3301 pro
413 3220 460 3302 ρῴ
483 3221 618 3297 σεαυτῆς
639 3223 762 3283 ἐκεῖνον
783 3215 854 3308 (ita
875 3217 989 3291 Reink.
1022 3217 1094 3284 dari
1123 3237 1186 3286 vo-

93 3319 155 3382 luit
187 3316 343 3403 deditque
368 3319 541 3405 Wyttenb.
570 3337 613 3386 ex
637 3318 736 3384 Vind.
764 3338 836 3386 curn
864 3317 941 3404 ka
969 3338 1027 3405 pro
1058 3315 1185 3411 ἐκεῖνο)

92 3418 221 3502 μασθῳ
242 3415 427 3504 ἐξέθρεψας
448 3420 490 3486 dn
511 3419 696 3534 ἐξέθρεψας
709 3422 845 3505 μασθῴ.
890 3418 1035 3513 Quodsi
1056 3420 1186 3496 decede,

92 3517 206 3584 duos
198 3538 232 3584 rn
254 3518 316 3584 hoc
339 3521 420 3586 libro
443 3540 626 3587 correxeris
647 3521 765 3586 hiatus.

180 3620 220 3684 Ιο
249 3617 553 3706 Symposiacon
583 3622 655 3686 Lib.
683 3624 711 3687 1.
748 3621 936 3704 Quaestl.
962 3641 1034 3708 cop.
1063 3620 1122 3686 1v.
1153 3640 1184 3706 ρ.

93 3717 187 3785 614.
211 3739 236 3784 c.
258 3722 379 3786 verba·
411 3719 556 3787 Πλάτων
577 3728 611 3787 ἐν
632 3746 678 3805 τῳ
699 3728 868 3807 σομποσιῳ
890 3725 960 3808 περὶ
981 3724 1092 3797 τέλους
1113 3721 1185 3784 δια·

93 3819 268 3904 λεγόμενος
288 3826 346 3887 καὶ
366 3825 425 3887 τοῦ
455 3819 582 3906 πρώτου
615 3819 779 3905 αγαθοῦ,
819 3843 883 3890 non
913 3827 993 3888 sunt
1019 3819 1185 3898 mutanda,

93 3924 171 4010 quie
198 3923 240 3987 iis
269 3931 361 3989 certo
389 3923 647 4009 philosophorum
671 3924 828 3990 materies
856 3923 1050 3988 continetur.
1115 3919 1185 3991 Sed

91 4043 166 4111 cop.
191 4024 232 4089 V.
255 4019 348 4090 614.
373 4043 401 4090 e.
430 4025 463 4089 in
493 4024 628 4090 vertier
671 4012 716 4088 uio
742 4023 762 4102 ἡ
789 4025 846 4106 μὲν
879 4026 968 4097 truce
994 4017 1185 4106 rainecourt
