2580 4514
566 118 840 183 -412-

160 286 363 375 ἀνθρίλπον,
405 284 448 363 ὡς
477 283 555 365 dina
583 282 755 367 ἐπιστήμης
781 284 901 353 hiatum
930 286 1060 375 poteris
1082 286 1240 360 exmedrt·

161 386 199 457 6.
223 394 330 477 ΙιΧΙΙ.
352 386 442 453 376.
466 388 494 453 lt.
516 386 700 453 inveniris:
722 384 741 453 ὁ
762 388 796 453 δὲ
817 385 943 475 Τυφών
964 383 1092 475 (ὥσπερ
1113 394 1240 480 είρντιιι)

159 490 269 570 Σὴθ,
302 492 357 555 καί
380 490 495 571 Βέβων
515 490 572 553 καὶ
594 486 676 569 Σμὺ
698 488 758 567 (al.
780 489 880 570 Σμίι)
909 486 1123 573 ὀνομάζεται,
1155 494 1240 560 nden-

159 591 226 667 dit,
269 590 352 675 ιμιοίί
382 587 472 668 Σήθ
499 607 583 655 sane
610 594 658 671 [ο.
686 587 778 655 xm.
808 586 898 655 367.
922 590 975 671 d.)
1005 597 1043 659 et
1062 590 1241 677 Btflnrfte.

158 695 282 757 xmx.
296 689 386 757 371.
399 690 448 769 tr.)
475 690 630 757 nominati
651 694 748 777 sant,
770 708 832 757 nea
853 696 963 759 tamen
985 692 1029 758 ad
1052 692 1142 779 quod
1160 691 1238 777 Σμί,

158 794 258 878 igitar
278 798 400 875 α’ριμαι
422 810 486 859 nnn
502 794 611 875 potest
624 788 750 856 referri.
773 792 935 859 Fortasse
947 793 1048 884 igitur
1061 792 1241 869 linennmm

158 892 289 959 aliunde
310 893 362 957 liic
383 897 438 958 est
457 892 624 957 insertum.
668 891 714 955 lb.
737 888 882 958 3761).
909 894 944 959 in
975 892 1113 959 vernis:
1149 890 1241 981 ὥσπερ

159 992 224 1079 χάρ
251 992 270 1057 ὁ
298 994 428 1079 σίδηρος
454 988 608 1067 πολλάκις
635 994 694 1073 μὲν
723 994 884 1077 ἑλκομένῳ
914 998 973 1061 καλ
997 998 1147 1080 ἑπομένῳ
1171 992 1242 1081 aab

159 1092 216 1159 τὸν
238 1094 339 1157 λίθον
359 1088 471 1173 ὅμοιός
491 1099 576 1171 ἐστι,
597 1088 753 1168 πολλάκις
773 1090 808 1156 d’
830 1090 1078 1183 ἀποστρέφεται,
1091 1096 1152 1163 ml
1170 1094 1241 1166 dm·

159 1189 310 1279 ιιροὺεται
332 1190 410 1277 πρὸς
430 1190 645 1275 τούναντίον,
689 1189 791 1269 οὕτως
811 1190 832 1272 ἡ
857 1190 1013 1277 σωτήριος
1041 1197 1108 1264 καί.
1123 1193 1242 1281 ἅχιιθά

158 1298 216 1361 καὶ
237 1292 335 1375 λόγον
356 1298 479 1373 ε’·’χουσα
499 1294 558 1357 τοῦ
579 1290 706 1375 κόσμου
725 1298 849 1373 κίνησις
874 1300 1108 1383 ἐπιστρέφεταί
1131 1319 1169 1370 τε
1190 1297 1241 1366 Ικιιλ

158 1392 356 1481 προσάγεται
377 1398 433 1460 καὶ
453 1396 688 1477 μαλακωτέραν
708 1405 802 1473 ποιεῖ,
823 1396 992 1462 πείθουσα
1011 1392 1074 1475 τὴν
1093 1399 1242 1485 σκλιχνίει

160 1502 282 1575 ἐκείνην
302 1498 360 1561 καὶ
381 1493 564 1583 τυφώνων,
599 1492 661 1559 εἶτ’
686 1484 789 1571 αὖθις
809 1493 1042 1574 ἀνασχεθεῖσα
1064 1502 1113 1575 είς
1134 1493 1240 1579 ἐνιπὴν

159 1596 336 1683 ἀνέστρεψε
357 1600 413 1662 καὶ
435 1596 608 1660 κατέδυσεν
629 1600 674 1671 είς
691 1592 749 1673 τὴν
762 1592 911 1683 ἀπορίαν.
932 1596 1069 1665 offendit
1082 1596 1239 1687 τυφολκιοτ

159 1699 206 1765 ita
228 1704 305 1783 pest
325 1696 383 1775 τὴν
403 1700 560 1783 σκλρρίαν
580 1702 702 1775 ἐκεί-νην
723 1696 927 1764 collocatum.
947 1698 1241 1785 Xylttndervet'fflt

95 1793 98 1799 ’
159 1798 296 1865 dnrnm
318 1798 428 1862 illam
449 1816 492 1863 ac
515 1797 763 1882 Typlroniam
785 1798 877 1863 vim.
899 1797 947 1863 At
961 1802 1241 1886 prenominata&-

158 1922 217 1977 νην
233 1900 301 1983 iam
323 1896 354 1961 id
377 1898 482 1983 ipsum
503 1897 524 1960 i.
537 1916 566 1961 e.
582 1898 786 1982 'l'yplrnniam
807 1916 886 1965 esse
906 1900 1123 1985 significatur.
1141 1901 1243 1972 Harl*

158 1998 245 2065 land.
264 1998 366 2083 t'gitnr
387 1998 485 2063 scribi
504 1998 608 2063 veluit
621 1996 766 2087 σκληρὰν
781 2006 817 2065 el
829 1996 1008 2090 τυφώνειον
1022 2002 1245 2076 ennflflllttltle

70 2108 84 2133 ⁸
158 2099 306 2185 Squirio,
327 2098 442 2165 Reistr.
464 2100 521 2163 καὶ
541 2096 721 2184 τυφώνειον
742 2097 907 2191 ἀπήνειαν,
933 2102 999 2167 nisi
1018 2100 1124 2171 malin'
1139 2126 1245 2196 namma

157 2203 232 2265 νίιιν
260 2198 395 2283 legere,
430 2199 526 2283 idque
553 2196 673 2285 τρόπον
703 2198 882 2287 τυφώνειον
910 2204 1135 2289 interpretari·
1176 2204 1245 2278 Rue

157 2298 286 2366 aceedit
319 2299 403 2385 qnod
441 2301 514 2365 libri
546 2320 604 2387 pro
637 2302 894 2391 μαλακωτέραν,
935 2302 1021 2391 qnod
1053 2304 1191 2373 Πυλίου.
1211 2322 1245 2374 ·e

158 2402 277 2471 linislr.
307 2407 341 2467 et
363 2403 536 2487 Wyttenb.
565 2408 676 2467 mente
704 2401 829 2483 edidit,
870 2402 1104 2495 μαλακώτερον
1131 2403 1245 2474 deindo

158 2525 216 2592 pre
259 2500 508 2581 ἀνασχεθεῖσα,
552 2503 636 2588 qued
671 2502 807 2569 Hntten.
850 2524 871 2571 e
902 2504 1019 2571 llarkl.
1064 2512 1101 2574 et
1133 2504 1245 2594 siluit.

157 2612 267 2673 mente
296 2604 387 2669 dedit
414 2606 629 2690 prabavitqne
658 2604 775 2671 Reisk.
809 2606 863 2691 qui
898 2611 1008 2673 tamen
1037 2606 1138 2675 etiam
1163 2604 1246 2676 ἀτα-

154 2708 304 2784 χυθεῖσα
338 2710 394 2771 aut
428 2703 591 2770 ἀνεθεῖσα
619 2712 675 2771 nut
710 2702 912 2785 ἀναχθεάσα
956 2706 1060 2773 voluit
1072 2754 1083 2795 ‚
1126 2705 1258 2787 ἀναχυ·

157 2808 263 2871 θεῖσα
298 2805 499 2890 (Wyttenb.
525 2807 650 2871 mavult
678 2809 912 2888 συναχθεῖσα)
950 2814 986 2875 et
1016 2827 1078 2895 pro
1120 2806 1245 2891 ῖαιπὴυ,

157 2906 243 2995 qnod
267 2907 327 2971 riri
355 2906 403 2970 illi
432 2906 518 2970 dncti
547 2908 772 2989 conjecerunt,
800 2906 919 2975 ἑαυτὸν
946 2916 1089 2975 tuentur.
1147 2908 1246 2977 Ἀπο-

155 3012 231 3097 ρίαν
252 3008 391 3093 deniqne
413 3006 569 3073 lteiskins
590 3010 705 3073 mntari
727 3009 798 3075 vult
820 3009 851 3073 in
878 3006 1043 3091 ἀκοσμίαν
1070 3016 1130 3076 aut
1154 3006 1246 3077 ἀπει-

155 3111 242 3174 θίαν
263 3114 319 3174 nnl
340 3108 523 3173 ἀκολασίαν
537 3115 593 3174 nul
603 3108 776 3197 ἀκρασίαν,
800 3110 1080 3195 wyttenbachius
1093 3118 1202 3182 autem
1215 3113 1246 3178 ln

155 3207 304 3293 ἀπαριαν
326 3210 483 3293 probante
504 3210 666 3295 Faehsi0‚
697 3209 814 3275 deinde
836 3218 944 3277 tamen
965 3208 1110 3297 ἀπορίαν
1132 3212 1246 3281 delen-

156 3309 204 3375 dit
227 3317 260 3375 et
282 3328 341 3394 per·
363 3309 552 3393 inopiam
576 3312 750 3375 consilii
771 3312 925 3396 explicat.
969 3308 1043 3396 Ego
1065 3320 1177 3382 autern
1197 3314 1245 3381 Ιο-

156 3430 227 3476 eum
254 3409 304 3474 sie
331 3409 494 3475 dederim:
537 3412 593 3474 καὶ
621 3413 854 3496 μαλακωτέραν
882 3422 970 3477 ποιεῖ
997 3414 1169 3481 πείθουσα
1191 3412 1246 3494 τὴν

154 3516 311 3599 σκληρίαν
340 3514 474 3589 ἐκείνην,
502 3512 559 3575 καὶ
582 3510 653 3592 [τὸ]
675 3510 838 3599 τνιμώνιου
859 3512 1023 3592 (turbidus
1045 3522 1166 3595 metue,
1186 3536 1245 3603 op·

156 3613 283 3698 positus
305 3614 345 3695 τῇ
367 3610 486 3695 ἀγαθῇ
507 3611 645 3690 κινήσει)
668 3613 822 3687 εἰσαῦθις
851 3613 932 3693 (alio
955 3618 1123 3699 tempore)
1146 3614 1245 3695 ἀναχ-

156 3715 278 3777 θεῖσαυ
307 3713 484 3793 (sublntam
506 3713 540 3776 in
562 3713 681 3797 altnm,
711 3712 856 3799 intellige
888 3712 1040 3779 duritiem
1069 3716 1175 3799 illam)
1205 3723 1246 3795 είς

154 3812 272 3878 ἑαυτὸν
301 3811 478 3899 ἀνέστρεψε
510 3811 571 3890 (nd
601 3833 639 3879 se
667 3815 786 3892 vertit)
822 3816 879 3879 καὶ
909 3816 1087 3881 κατέθυσεν
1118 3822 1166 3896 είς
1192 3816 1246 3897 τὴν

152 3916 292 4002 droam
325 3919 378 3995 (et
406 3913 564 3979 immersit
594 3914 627 3980 in
657 3912 861 3992 discrimen).
920 3912 1247 4003 commentaremur
