2564 4508
556 127 828 193 ..230-

113 362 116 369 ,
159 297 244 379 Aug.
269 304 303 361 et
325 295 471 379 Reg.A.,
492 296 557 360 πᾶν
578 294 720 379 ολοχροῖς
744 293 819 358 Vnt.
837 299 872 359 et
885 291 973 359 Iler.
988 290 1148 378 praebent
1159 286 1233 379 „qu

158 396 261 481 inquit
283 394 474 481 Schweigh.
497 396 676 483 ,suspicari
697 395 806 480 possis
827 395 1058 478 παναεσχρῶς(
1078 390 1177 477 idque
1194 391 1232 459 Ie·

159 495 301 581 gendum
323 516 400 563 esse
421 485 551 563 eenseo.
593 496 673 581 Cap.
700 495 780 572 LX,
802 491 836 559 6.
867 490 906 559 τὸ
931 494 1035 569 ἔθνος
1062 492 1233 577 iegiturei

164 595 201 663 8.
222 598 254 663 iu
275 600 406 665 verbis:
428 595 491 663 τότ’
515 596 576 675 ἤδη
587 598 728 680 βοηθεῖν
748 592 967 677 ἀναγκάζεται
985 589 1079 676 αὐτῷ
1092 586 1235 661 νατάδῦ·

161 721 259 781 raptu
272 699 428 785 Polybius
439 696 527 763 κατὰ
539 694 677 777 δύναμιν
693 695 782 778 αὐτῷ
804 696 981 781 scripsisse
994 690 1136 761 videtur.
1158 692 1238 780 LXI,

164 796 201 862 3.
222 800 256 863 iu
273 799 400 866 verbis:
422 800 615 863 ἐπετεθείνει
637 795 679 863 ἂν
700 797 858 883 particule
880 793 921 860 riu
942 815 987 887 ex
1002 794 1096 875 Buv,
1116 796 1172 884 qui
1192 802 1240 863 Iu·

162 910 236 964 rnen
258 893 341 965 male
360 896 549 977 ἐπιτεδὴκοι
571 898 614 963 ἄν
635 898 751 976 habet,
773 905 828 964 est
849 890 989 991 adjee'tn
1028 894 1241 975 Ἐπποδςίτο

161 1003 293 1065 tuentur
315 1002 390 1067 Vnt.
412 1001 498 1065 I'Iur.
518 999 603 1083 Reg.
627 996 726 1065 A.'et
748 1002 829 1084 Aug.
852 1018 874 1065 ο
894 999 985 1085 prim.-
1006 1018 1112 1084 man,
1132 996 1245 1065 sedin

162 1100 224 1164 hoc
245 1107 397 1167 mutatum
424 1101 458 1166 in
486 1098 679 1178 ἐπιτεθῆναι.
721 1096 812 1181 Quod
841 1105 948 1167 autem
976 1100 1030 1167 hie
1054 1098 1272 1197 Schweigh'

165 1198 260 1283 dicit,
288 1222 390 1289 posse
412 1201 601 1288 particulam
623 1202 705 1267 eitra
727 1220 871 1266 errorem
891 1201 1032 1285 abesse,
1060 1221 1124 1269 nnn
1151 1199 1247 1267 dixe-

162 1300 233 1365 rim.
275 1301 368 1384 Quae
389 1306 475 1370 enim
497 1303 549 1367 hie
571 1304 623 1367 vir
645 1303 687 1368 ud
709 1303 779 1367 Lib.
803 1300 839 1386 I,
864 1300 897 1365 1.
920 1300 1047 1382 attulit,
1067 1303 1155 1369 eiius
1175 1306 1249 1369 sunt

161 1405 293 1486 generis
314 1426 376 1471 uno
397 1409 535 1488 exceptu
565 1403 636 1468 Ιοοο
666 1404 705 1467 L.
733 1401 866 1488 XXXI,
895 1401 940 1484 7,
970 1400 1032 1470 13.
1061 1404 1114 1469 ubi
1142 1410 1251 1471 nmen

166 1522 231 1568 nnn
259 1505 385 1583 dubito,
407 1500 504 1591 'quin
525 1524 583 1590 pro
605 1499 693 1581 τάχα
713 1510 790 1578 ἴσως
811 1503 1015 1571 scribendum
1034 1505 1082 1571 sit
1108 1501 1252 1583 τάχ’·ἆν

165 1608 250 1679 ἴσως.
293 1606 424 1671 Hierum
445 1624 538 1690 sequ.
560 1596 601 1668 ἂν
623 1623 723 1690 posse
745 1603 880 1669 defendi
900 1605 1035 1691 saepius
1056 1606 1252 1691 significavi·

164 1703 348 1771 Ferendum
378 1708 475 1772 etiarn
507 1712 560 1771 est
589 1701 625 1769 6.
654 1702 753 1769 πόλει.
781 1701 824 1769 Ὁ.
880 1701 1113 1789 Corrigendum
1140 1714 1253 1775 tumen

164 1802 288 1882 LXIII,
312 1805 349 1871 8.
370 1804 430 1872 δύο
449 1805 568 1890 ἡμέρας
589 1806 736 1891 idemque
757 1804 864 1891 LXX,
886 1802 922 1871 3.
945 1806 999 1872 ubi
1019 1805 1105 1893 Iieg.
1128 1806 1174 1873 A.
1195 1822 1252 1875 re-

162 1902 246 1969 ctius
268 1903 319 1969 δύ’
343 1905 474 1992 ἡμέροις
495 1906 614 1992 hebet,
636 1905 720 1990 quud
742 1906 840 1971 etium
860 1905 928 1986 111,
950 1905 1021 1986 52,
1044 1903 1081 1972 8.
1115 1907 1247 1993 legitur.

159 2004 292 2088 LXIV,
318 2006 379 2071 10.
402 2009 435 2073 in
457 2006 587 2073 verbis:
615 2004 905 2088 σονεγνιζοντοςδ
930 2005 1049 2089 αὐτοῦ,
1077 2011 1250 2075 καταπλα-

161 2111 266 2185 γέντες
289 2113 321 2172 οἱ
341 2106 558 2192 φυλάττοντες
580 2105 721 2187 ἐξέλιπον
742 2105 799 2171 τὸν
820 2104 944 2173 τόπον·
987 2105 1007 2173 ὁ
1032 2110 1070 2175 riri
1096 2106 1252 2195 Μιλτὺς

161 2204 331 2288 κυριεύσας
351 2211 410 2273 τοῦ
431 2208 541 2287 τόπου,
561 2213 607 2285 εἰς
627 2209 749 2294 ἔδαφος
769 2208 908 2273 καθεῖλε
928 2211 1101 2294 repetitum
1114 2212 1251 2277 verbu!

160 2308 220 2369 τοῦ
248 2305 349 2374 τόπου
375 2309 520 2376 offendit.
574 2308 712 2376 Videtur
740 2309 884 2375 additum
911 2328 989 2375 esse
1017 2316 1054 2375 ui
1078 2306 1254 2395 κυριεύσας

75 2462 80 2471 .
163 2407 322 2491 objectum
344 2411 480 2489 habeat,
523 2410 607 2497 quud
629 2417 736 2475 tumen
759 2410 853 2476 Iueiie
874 2430 917 2476 ex
937 2412 979 2475 iis
1000 2430 1086 2497 quus
1107 2428 1250 2497 praeee-

162 2509 241 2574 dunt
271 2518 382 2597 petest
407 2513 560 2597 suppleri.
585 2510 696 2594 LXV,
725 2507 786 2575 11.
821 2512 929 2577 scribe
956 2509 1001 2576 τ”
1022 2530 1082 2598 pru
1107 2534 1144 2577 το
1172 2518 1253 2579 unte

163 2610 280 2699 ἄκραν.
301 2614 448 2701 LXVII,
469 2611 506 2679 9.
535 2610 567 2677 δ’
592 2632 651 2697 pro
672 2610 707 2674 δὲ
726 2616 806 2676 ante
827 2610 1044 2695 οἰκονομήσας
1068 2618 1106 2679 et
1124 2610 1251 2695 LXIX,

166 2710 201 2777 7.
222 2711 253 2777 δ’
274 2735 333 2801 pro
355 2715 389 2779 δὲ
409 2720 487 2780 ente
508 2711 580 2779 ὑπὸ.
623 2712 672 2778 lb.
697 2711 730 2775 1.
754 2713 787 2776 in
809 2715 936 2779 verbis:
963 2716 1034 2801 περὶ
1058 2714 1140 2779 δέκα
1168 2708 1255 2779 στά-

163 2814 238 2894 δια,
259 2812 329 2896 ἄμα
351 2816 521 2900 Polybium
541 2814 694 2887 σταδίους
714 2812 890 2897 scripsisse
909 2816 1066 2893 arbitror,
1093 2814 1142 2881 uti
1163 2812 1253 2883 erud

164 2935 242 2979 usus
264 2935 343 2982 esse
364 2916 495 2982 videtur
517 2912 551 2979 6.
581 2921 615 2981 et
645 2912 775 2991 LXXI,
808 2912 869 2980 11.
898 2916 930 2981 in
961 2911 1007 2980 τὰ
1035 2910 1121 2981 ὅπλα
1152 2921 1252 3003 suque

163 3015 326 3103 LXXIII,
349 3016 384 3085 2.
406 3019 441 3083 in
462 3016 501 3082 τὸ
522 3017 630 3091 ἔθνος.
651 3014 764 3093 LXX,
784 3013 823 3079 4.
854 3016 888 3081 in
910 3016 1039 3082 verbisz
1081 3013 1251 3081 πολιτεύο-

164 3117 252 3181 σδαι
272 3116 374 3196 αὐτὴν
396 3118 469 3184 dele
501 3114 602 3194 αὐτὴν
630 3120 665 3181 et
695 3111 731 3179 8.
761 3118 794 3179 in
821 3119 877 3180 καὶ
905 3112 966 3181 ὑπὸ
993 3108 1122 3183 πολλῶν
1152 3108 1254 3201 νΙΙζο

163 3214 241 3297 ὑπὸ,
263 3238 324 3304 quo
345 3220 440 3285 facile
462 3238 624 3305 caremus,
645 3215 752 3283 abest.
795 3215 1023 3300 Adjicienduur
1045 3235 1124 3283 esse
1144 3216 1254 3285 sursit

163 3315 303 3382 Ursinus
325 3319 499 3406 habuitque
520 3321 610 3385 FIor.

264 3419 409 3501 LXXV,
431 3422 465 3486 5
498 3441 563 3487 non
585 3416 731 3486 offendes
752 3417 785 3483 in
807 3419 863 3483 καὶ
884 3415 1118 3503 ἁπαραονεύοος
1144 3436 1255 3507 neque

162 3517 358 3610 LXXVIII,
386 3523 421 3587 3.
457 3523 491 3588 in
519 3524 726 3686 διαφέροντα.
758 3508 796 3582 οὗ
830 3537 934 3604 neque
960 3518 1123 3602 LXXXI,
1150 3519 1189 3585 ὅ.
1214 3520 1253 3587 in

163 3621 371 3689 πεπονθέναι.
396 3622 485 3690 ‘Oet
504 3626 561 3687 καὶ
582 3619 658 3705 ὑπὲρ
680 3638 785 3705 neque
806 3619 983 3700 LXXXII,
1005 3617 1039 3685 6.
1069 3622 1104 3687 in
1123 3618 1248 3711 τρόπῳ.

161 3717 337 3801 Ἐξεταζων
355 3744 461 3810 neque
484 3724 623 3809 denique
644 3719 840 3806 LXXXIV,
862 3718 930 3786 5.
919 3740 954 3787 uu
976 3713 1170 3808 διατηρἠα.
1201 3720 1255 3789 Οἱ.

165 3820 285 3889 Sede.
306 3825 467 3902 LXXVI,
492 3827 524 3887 1.
545 3844 604 3909 pro
629 3821 781 3937 Ἀπολλςς
808 3767 894 3901 δδ,ι
879 3819 918 3897 ὀς
938 3823 1023 3907 Aug.
1044 3830 1081 3889 et
1102 3822 1190 3939 Iieg.
1211 3822 1259 3889 Α.

163 3924 245 3990 bene
273 3925 433 4009 praebent
456 3923 615 4003 Ἀπελλῆς
641 3919 753 4009 μὲν,“
737 3946 781 3997 ος.
823 3923 1041 4009 Respondent
1065 3924 1153 3991 eninr
1181 3922 1259 3991 quie

162 4026 220 4101 μὲν
241 4026 272 4089 in
293 4044 385 4112 sequ.
414 4024 461 4091 Ori
481 4024 553 4108 μὴν,
576 4022 673 4106 ἄλλα,
693 4031 730 4089 ut
750 4025 915 4091 sententia
935 4027 999 4092 sit:
1020 4026 1162 4112 Apelles
1182 4024 1263 4113 qui-
