2580 4514
143 318 250 399 χεῖρα,
270 306 546 397 ὅσον-χωρῆσαι,
568 311 822 376 ἐπέδωκεν-καὶ
842 307 1061 394 ἄλλα-δῶρα
1081 313 1233 402 ἔκαμψεν.

145 413 220 477 lluo
245 411 391 490 accedit,
434 411 520 497 quod
552 429 633 477 saue
661 430 726 476 uon
754 416 864 499 patet,
892 411 1065 505 ¹quomodo
1085 412 1175 481 haee
1193 412 1235 483 ul
1278 442 1280 455 ·

143 514 285 600 Philipp.
308 515 383 579 hist.
404 514 477 578 Lib.
496 513 567 577 XL.
588 507 655 577 siut
675 511 859 578 referenda
900 510 1043 597 Propter
1062 510 1236 601 meu·

145 621 227 694 tum,
253 615 355 700 inquit
387 613 561 690 Wiohers,
591 613 776 679 retulissem
805 612 850 678 ad
878 613 992 677 librum
1021 612 1234 703 de'expiluto

145 716 344 802 Delphorum
365 715 496 801 templo.
539 713 700 800 Equidem
721 718 778 780 aut
800 712 1007 780 Athenaeum
1028 723 1235 785 eruamur

143 817 293 881 librarios
315 834 373 902 pro
394 817 458 881 alio
480 815 641 901 scriptore
669 833 784 880 nomeu
805 813 890 879 satis
911 813 1068 899 frequens
1091 813 1235 900 Θνόινομ·

144 938 206 981 τιον
235 918 388 1001 posuisse
414 921 533 981 statuo.
576 917 662 980 Num
685 914 813 990 Φανίας
834 909 852 978 ὁ
872 911 1018 998 Ἐρέσιος
1037 909 1126 983 haee
1142 914 1236 1005 dixit,

146 1036 241 1103 quem
263 1018 305 1083 de
327 1017 447 1083 haere
469 1018 608 1083 locutum
631 1035 708 1082 esse
721 1006 878 1081 tradidit?
900 1013 939 1081 lu
953 1014 1071 1100 hugm.
1084 1014 1235 1085 CCXXl.

146 1135 190 1182 ex
212 1114 641 1202 81ομ1ον.ν.Ἁρβαξανοὶ
662 1117 770 1183 sorihe
793 1135 850 1202 pro
878 1121 1030 1197 ἐνέμοντο
1045 1152 1081 1167 -
1095 1116 1232 1199 ένίμονί
1271 1123 1274 1127 “

145 1213 306 1303 Ἱψίκοροι
331 1219 388 1282 καὶ
412 1215 616 1304 Ἁμβαξανοί.
668 1215 706 1282 ln
737 1217 773 1282 fl.
797 1213 1013 1282 ccxxxvi
1042 1234 1088 1283 ex
1116 1216 1236 1285 Allien·

146 1315 197 1400 X,
218 1313 311 1380 436.
336 1316 366 1382 b.
398 1336 472 1382 num
493 1318 615 1383 verba:
645 1321 673 1381 sl
699 1314 762 1400 μὴ,
791 1313 896 1400 ὥσπερ
921 1314 1012 1383 οἶκον
1020 1306 1236 1411 ,Τιμολάου

146 1417 192 1482 ita
214 1417 455 1504 aTheopompo
477 1417 622 1503 prolecta
643 1420 722 1498 siut,
741 1423 854 1503 potest
874 1415 1025 1483 dubitari.
1066 1406 1108 1483 ln
1123 1417 1235 1503 fragm.

148 1513 382 1585 ccxxxvii.
404 1537 448 1583 ex
470 1516 588 1603 Steph.
611 1538 644 1585 ν.
669 1520 743 1583 Χαλ
740 1522 785 1583 λα
729 1516 914 1583 inullus
943 1516 1236 1598 cerumtamen

146 1617 180 1684 iu
208 1638 249 1685 eo
278 1617 363 1704 quod
385 1619 531 1704 sequitur
557 1620 630 1704 hag
609 1625 739 1685 omento
768 1617 1013 1684 ccxxxvlss.
1046 1636 1089 1685 ex
1116 1618 1238 1687 Athen.

148 1718 226 1804 xn,
249 1716 339 1783 532.
359 1718 430 1784 od.
454 1722 576 1786 reete'
561 1741 630 1803 Jam
642 1720 831 1805 Schweigh
853 1739 957 1787 ems.
980 1720 1023 1785 A.
1045 1710 1162 1807 etEp.
1178 1738 1235 1809 pro

146 1819 271 1903 νωτμοῦ
302 1816 395 1895 ὄντος
428 1819 520 1884 dedit
550 1823 674 1906 νιοτροῦ
709 1846 744 1886 τι
778 1817 841 1911 (lu
868 1840 981 1887 sent
984 1815 1072 1910 ”)
1054 1844 1159 1899 νκτος.
1197 1820 1237 1887 ln

147 1917 262 1999 l'raguu.
284 1914 464 1984 ccxnnl.
486 1938 528 1985 ex
551 1921 670 1986 Athen.
694 1922 753 2002 lv,
777 1918 866 1986 149.
887 1920 917 1986 d
939 1926 976 1987 el
994 1921 1034 1987 lr.
1055 1915 1235 1991 CGXUV.

148 2035 193 2082 ex
216 2017 337 2082 Athen.
357 2019 453 2095 xlv,
475 2018 611 2087 ow.
640 2023 749 2087 nullus
777 2029 831 2088 est
856 2022 975 2087 hiatus.
1023 2021 1064 2087 ln
1089 2020 1237 2108 longiore

146 2115 664 2205 fragm.ccxn1x.parumex
688 2122 895 2201 Athenl'u',
920 2119 1053 2188 1661.
1082 2127 1121 2188 et
1149 2118 1237 2189 167.

146 2235 174 2283 a.
199 2218 228 2284 b
249 2237 277 2283 o
300 2222 416 2305 partim
436 2239 480 2286 ex
502 2221 614 2307 Polyb
635 2220 795 2308 Excerpt.
818 2224 895 2289 Vat.
919 2245 950 2309 p.
967 2221 1033 2289 nl.
1054 2218 1175 2309 purtim
1194 2240 1238 2291 ex

147 2317 571 2399 indemnatione.
595 2321 1236 2408 retaura.petim,dooouhru

148 2419 302 2485 Theiss
293 2442 326 2487 nr
347 2421 445 2487 libell.
467 2421 633 2488 Nordhus.
660 2421 778 2487 1837.
800 2420 838 2486 4.
866 2421 953 2488 edito
983 2443 1014 2508 p
1037 2418 1075 2489 6
1105 2428 1143 2491 el
1162 2442 1235 2511 sqq.

146 2521 348 2608 disputavit,
393 2522 622 2610 Theopompus
643 2543 707 2588 nou
728 2523 862 2608 seripsit
882 2524 948 2588 ἐπεὶ
968 2523 1127 2607 ἐγκρατῆς
1154 2524 1237 2595 noh

147 2622 232 2707 λῶν,
260 2621 919 2710 ενι11οι1ιὶεενέαεὶαολλοννέγκρατῆς.
961 2623 1040 2689 Non
1060 2622 1237 2695 «1116111116-

148 2721 208 2787 rim
228 2730 339 2790 tamen
360 2725 403 2790 de
423 2725 480 2787 καὶ
502 2726 616 2808 ἔρῥιιμε
645 2731 680 2790 et
706 2727 764 2790 καὶ
785 2730 828 2790 οἱ.
872 2725 938 2790 Pro
965 2725 1002 2789 ot
1026 2721 1129 2803 αὐτὸς
1153 2726 1237 2795 mri-

148 2823 287 2889 hendum
317 2822 435 2888 eritd
466 2821 540 2889 αὐτ.
583 2825 624 2889 ln
650 2823 802 2902 ἠδύνατο.
841 2824 976 2895 'nouum
1003 2844 1070 2893 nou
1096 2826 1235 2895 offundo.

146 2920 218 2987 Sed
243 2929 276 2988 ol
295 2930 418 3008 ἑταῖροι
440 2922 544 2990 αὑτοῦ
564 2931 601 2990 ἐκ
623 2944 694 2992 enlm
715 2925 850 2993 dedisse
878 2945 943 2991 non
972 2925 1070 2992 laelio
1095 2926 1237 3015 credun,

147 3022 252 3088 verba
271 3023 312 3089 ab
334 3025 508 3092 Athenaeo
530 3034 585 3091 erut
607 3033 777 3093 ooutruota
798 3034 855 3092 aut
876 3026 1003 3092 omnino
1029 3030 1237 3097 mutatam

148 3123 262 3188 addila
283 3144 363 3190 esse
384 3126 538 3193 videntur
546 3175 556 3215 ,
583 3128 630 3192 uti
651 3129 749 3193 etium
772 3127 824 3212 id,
850 3125 934 3215 quod
956 3129 1121 3213 sequilutr
1162 3126 1236 3209 ἔξω·

149 3226 305 3306 λεγμένοι,
327 3223 395 3291 ἀλλ’
421 3246 485 3292 non
507 3234 561 3292 est
577 3228 849 3314 Theopompeum.
893 3227 1000 3293 necte
1020 3226 1121 3293 elium
1135 3226 1177 3295 iu
1195 3227 1238 3297 tiu

149 3342 234 3409 quaa
256 3325 338 3392 hueo
360 3327 543 3412 excipiunt:
571 3326 617 3392 Er
638 3329 673 3394 dd
693 3327 737 3411 μὴ
757 3331 815 3395 καὶ
836 3325 984 3402 τοιοῦτός
1002 3349 1053 3402 τις
1072 3325 1236 3415 aalide,

146 3421 208 3490 ὑπὸ
236 3427 295 3491 τοῦ
319 3427 395 3510 βίον
416 3429 473 3492 καὶ
494 3429 550 3505 τῆς
571 3430 696 3509 διαίτης
717 3429 943 3505 Μακεδονικῆς
962 3434 1087 3505 ταχέως
1104 3430 1237 3506 dudm

123 3610 126 3617 ,
147 3523 261 3606 ὅμοιος
280 3533 413 3609 ἐγένετο.
454 3526 509 3593 Τὰ
521 3531 579 3611 μὲν
594 3528 659 3618 γὰρ
673 3535 705 3596 oi
717 3528 850 3612 πόλεμον
862 3530 918 3594 καὶ
935 3531 973 3593 αἱ
988 3536 1170 3616 στρατεῖαι.
1180 3529 1236 3599 Ul

123 3636 126 3645 '
148 3631 187 3692 αἱ
207 3629 407 3692 πολυτέλειαι
429 3630 568 3714 θρασεῖς
589 3627 710 3705 αὐτοὺς
725 3629 808 3695 εἶναι
819 3635 1083 3716 προσετρέποντο,
1102 3630 1164 3719 καὶ
1178 3628 1238 3715 (ip

146 3727 190 3809 μὴ
213 3731 363 3809 κοσμίιος,
385 3725 449 3795 αλλ
476 3727 609 3807 ἀσώτοις
630 3733 687 3796 καὶ
708 3741 777 3805 τοῖς
797 3732 930 3814 λῃσταῖς
951 3728 1235 3813 uopaatooauoiu

85 3901 89 3912 .
149 3829 286 3914 Polybio
308 3829 437 3912 absunt,
460 3831 615 3897 videntur
636 3833 720 3897 enim
744 3830 907 3896 Athenaei
929 3849 1017 3895 esse.
1062 3826 1159 3919 Quod
1178 3848 1239 3899 ιν·

149 3935 215 3994 tem
236 3929 278 3995 ad
300 3926 343 3993 τα
363 3931 420 4008 μὲν
441 3936 578 4000 alterum
599 3932 721 3998 deesse
743 3931 871 3997 videtur
892 3929 1238 4017 eunonium-Atho·

152 4048 255 4095 uaeus
276 4026 309 4094 id
331 4031 438 4097 omisit
440 4077 455 4115 ,
499 4033 573 4118 quia
600 4034 632 4100 iu
661 4032 772 4101 verbis
795 4030 997 4118 Theopompi
1023 4050 1047 4099 a
1066 4027 1238 4099 Καθόλου
