2564 4508
554 152 832 217 ..452-

149 321 184 387 in
204 318 280 384 Pet.
302 321 356 383 est
376 311 420 393 ὡς
439 317 508 403 μὲν,
530 336 584 403 op.
607 317 708 384 Turn.
731 325 766 384 et
779 318 872 385 vulo.
891 306 937 384 oio
953 316 974 383 ό
993 308 1053 401 ue
1065 308 1135 389 οὖν.
1154 318 1225 389 'lun

150 441 210 508 pro
232 417 270 483 τό
290 414 369 504 πρὸς
389 414 466 493 τοός
485 418 550 482 τάν
570 414 746 506 βαρβάρων
764 416 924 503 χρήσιμον
944 418 1050 491 Boou.
1072 416 1227 501 hebetem

150 520 229 607 πρὸς
249 515 325 593 τοὺς
346 541 374 581 τ.
395 518 493 602 βαρβ.
512 515 669 605 χρησμόν.
711 519 862 609 Denique
888 538 947 605 pro
968 514 1242 605 ἐντείναι-ἁγίων.
1271 574 1273 583 .

150 624 215 687 τῶν
235 615 404 705 παρόντων
433 616 470 682 όν
499 623 620 683 ἐκεῖνον
641 618 742 685 Turn.
772 622 927 707 praebete
970 616 1112 701 ξυνεῖναι
1143 616 1229 687 ὁσίων

150 726 215 788 τῶν
235 715 403 807 παρόντων
424 721 551 785 ἐκείνων
572 724 607 784 et
620 719 717 785 Turn·
739 723 839 788 etiam
860 742 891 788 c.
904 720 997 787 Vuid.
1018 726 1144 787 durem
1162 720 1230 787 {ddi

150 842 213 911 que
242 820 279 885 ὃν
304 824 423 884 tuetur.
468 823 513 893 Iu,
533 818 653 888 Peter.
680 827 734 886 est
761 820 901 901 ξυνεῖναι
933 816 1037 904 άγίων
1064 816 1229 909 παρόντων
1271 858 1273 909 3

150 922 230 989 Inde
251 919 394 987 Turneb.
417 918 481 1004 legi
503 918 891 1018 νοΙῑειάπεπειράδηοεν,
909 917 951 998 ὡς
970 924 1076 987 donner
1095 916 1229 1009 άμφοτί-
1271 956 1273 1011 g

149 1050 233 1114 ρων,
259 1012 305 1087 ὧν
327 1014 345 1082 ό
365 1018 423 1100 μὲν
445 1021 503 1083 τοῦ
522 1025 677 1102 μαντείου
698 1020 863 1110 προφήτης
884 1022 977 1109 φωνῇ
996 1020 1132 1087 Αίοίίδι
1150 1016 1230 1109 χρά-
1271 1052 1273 1079 ;

149 1147 268 1210 μενος,
310 1117 368 1184 τόν
395 1116 474 1202 πρός
504 1117 580 1195 τοὺς
608 1123 673 1185 τάν
700 1119 1041 1210 βαρβάρων·χρησμόν
1062 1126 1098 1188 ei
1118 1120 1229 1189 deinde

150 1223 248 1290 ὁσίων
275 1215 444 1308 παρόντων
472 1228 602 1286 ἐκείνω.
667 1223 838 1309 Xyluuder
871 1231 999 1289 eutemr
1039 1218 1228 1311 Ἀμφιάρια.

146 1318 367 1410 Ἀπεπειράθη
380 1320 482 1402 (sign.
497 1322 616 1400 eetiv.)
629 1324 697 1410 μίν,
717 1319 760 1399 ὠς
775 1327 889 1412 ἔοικεν,
902 1322 1096 1411 άμφητίρωτ
1109 1320 1130 1389 ό
1142 1324 1231 1409 Μαρ-

150 1423 266 1499 δόνιος.
307 1418 339 1486 Ὁ
360 1422 418 1502 μὲν
440 1409 498 1484 οὖν
519 1426 578 1511 τοῦΙ
599 1427 633 1487 ἐν
654 1425 807 1508 Λεβαδίηι
826 1427 981 1505 μαντείου
1001 1446 1054 1509 πρ.
1076 1446 1159 1511 φων.
1178 1422 1230 1489 ΑΙ.

147 1551 200 1612 χρ.
221 1521 278 1588 τόν
298 1519 377 1607 πρὸς
397 1519 473 1595 τοὺς
493 1520 681 1611 βαρβάρους
700 1522 847 1611 χρησμόν
868 1522 911 1603 ἐξ.
935 1520 1018 1589 ὥστε
1037 1525 1162 1605 μηδένα
1172 1522 1231 1605 ξω.
1265 1556 1272 1567 ·

149 1626 247 1692 ὁσίων
269 1624 334 1687 τῶν
354 1622 524 1706 παρόντων
544 1627 683 1688 ἐκεῖνον·
723 1622 853 1700 oie-tori
882 1624 955 1688 eod.
984 1620 1139 1706 λέγοντος
1165 1629 1235 1706 (eut

150 1727 382 1806 σημαίνοντος)
405 1718 455 1786 ὅτι
476 1733 546 1798 τοῖς
565 1720 746 1809 βαρβάροις
766 1732 828 1790 eie.
873 1722 1032 1789 Beiskius
1053 1724 1139 1791 haee
1158 1744 1232 1791 con-

146 1827 241 1912 jecit:
265 1821 304 1888 τό
325 1824 385 1886 τοῦ
403 1819 599 1906 Ἀμφιάρεω.
622 1813 667 1886 oio
688 1821 951 1907 άπεπειράθημεν
971 1830 1047 1906 (aut
1066 1820 1233 1913 άττπαρά·

149 1929 201 2003 θη
223 1922 240 1989 ὁ
262 1919 468 2007 Μαρδόνιος)
488 1918 689 2010 ἀμφοτέρων.
720 1921 816 2006 ὁμὲν
838 1912 896 1988 οὖν
922 1925 983 1989 τοῦ
1009 1922 1102 2008 παρὰ
1130 1920 1236 2005 Πτόω

147 2021 324 2094 Ἀπόλλωνι
345 2026 499 2103 μαντείου
526 2020 691 2108 προφητὴς
719 2024 813 2111 φωνῇ
841 2021 962 2109 Καρίην
988 2026 1156 2111 χρώμενος
1181 2020 1235 2089 τόν

151 2123 230 2211 πρὸς
250 2121 327 2199 τοὺς
347 2118 412 2186 άπὸ
433 2122 497 2185 τῶν
517 2119 691 2210 βαρβάρων
710 2121 857 2209 χρησμόν
885 2122 930 2203 ἐξ.
960 2120 1044 2189 ὥστε
1068 2126 1146 2207 μηδ.
1171 2122 1235 2207 ξαν.

151 2222 303 2293 ἁπάντων
324 2223 388 2286 τῶν
409 2218 578 2307 παρόντων
597 2228 721 2288 ἐκείνου
741 2230 798 2288 eut
818 2226 883 2289 τάν
902 2220 1083 2307 παρόντων,
1103 2214 1150 2290 oio
1169 2226 1237 2291 ίλτ-

150 2350 207 2411 μιν
227 2331 354 2399 ἐκεῖνος.
397 2321 528 2391 Deinde
550 2323 684 2391 offendit
704 2325 737 2389 in
760 2325 902 2390 dictione
928 2325 1179 2407 ἐνθουσιασμοῦ
1206 2348 1235 2391 τι

150 2436 220 2502 τοῖς
240 2420 418 2513 βαρβάροις
440 2419 500 2489 οὐκ
521 2428 588 2491 ἔστι
610 2432 645 2491 et
666 2426 789 2510 pergit:
811 2421 886 2490 οόδό
899 2426 1038 2492 διδόναι.
1079 2426 1235 2513 WyiteIe

150 2528 285 2595 bachius
313 2525 453 2611 denique
484 2544 528 2591 ex
555 2523 676 2591 Herod.
703 2530 800 2610 VIII,
832 2524 921 2592 135.
949 2532 985 2591 et
1009 2516 1162 2593 Pomm
1179 2528 1237 2607 IX‚·

152 2627 215 2695 23.
236 2628 341 2693 locum
362 2626 411 2691 sio
434 2625 614 2708 coustituit,
636 2627 725 2693 etin
747 2628 901 2694 versione
922 2626 1026 2693 verba
1046 2626 1236 2713 etiamr-ed-

151 2729 250 2794 didit:
273 2722 334 2803 οὐχ
355 2716 451 2804 ἦττον
471 2723 511 2790 τό
526 2725 649 2791 Πτώου
669 2724 689 2805 ἢ
709 2725 748 2793 τό
759 2730 818 2793 τοῦ
826 2724 1022 2814 Ἀμφιάρεω.
1062 2722 1141 2793 Καὶ
1161 2724 1238 2795 dud·

151 2825 295 2914 πειράδη
306 2822 505 2914 Μαρδόνιος,
527 2823 570 2903 ὡς
590 2831 703 2914 ἔοικεν,
723 2826 926 2916 άμφοτίρων.
965 2827 1000 2895 Ὁ
1020 2828 1078 2909 μὲν
1099 2816 1160 2893 οὖν
1179 2818 1237 2895 τεόν

152 2925 275 2996 Πτώου
290 2931 442 3008 μαντείου
455 2924 620 3014 προφήτης
632 2930 724 3015 φωνῇ
736 2928 869 2997 Αἰολίδι
879 2925 1045 3013 χρώμενος
1054 2924 1095 2992 τό
1107 2930 1237 3015 προτοῦ,

151 3032 191 3115 τῇ
197 3024 373 3116 βαρβάρων
385 3023 531 3113 χρησμόν
541 3025 719 3111 ἐξήνεγκεν·
743 3026 825 3094 ὥστε
837 3030 959 3111 μηδένα
970 3026 1114 3109 ξυνεῖναι
1128 3026 1238 3097 devoir

151 3133 215 3196 των
232 3124 400 3216 παρόντων
417 3125 453 3192 ὃν
465 3131 530 3204 ἔχει
545 3130 640 3194 νοῦν·
661 3131 720 3194 τοῦ
737 3127 764 3194 δ’
778 3129 1025 3211 ἐνθουσιασμοῦ
1038 3126 1056 3192 ὁ
1070 3126 1238 3218 βάρβαρος

151 3231 307 3317 ἤκουσεν,
336 3223 407 3291 οὐδ’
432 3228 533 3291 ἐδεῖτο
556 3227 666 3314 φωνὴν
683 3226 857 3309 Ἑλληνίδα
878 3230 990 3314 λαβεῖν
1010 3224 1050 3293 τό
1071 3250 1236 3313 προπατ-

151 3329 286 3414 τόμενον
307 3324 550 3412 ίρμηνεόουσαν.
593 3330 640 3392 At
672 3329 947 3433 Wyttenbechius
973 3329 1162 3417 priusquam
1190 3334 1237 3397 tot

152 3439 328 3517 tentusque
349 3428 412 3493 looi
434 3432 629 3494 mutationes
651 3436 865 3519 proponeret,
907 3430 1051 3496 debebat
1078 3430 1237 3499 Herodoti

152 3535 255 3602 verbe
275 3534 375 3606 VIII,
403 3525 490 3591 134.
513 3530 617 3614 magis
639 3537 793 3616 spectare
814 3531 970 3597 dicentis:
992 3530 1076 3618 Myn
1095 3530 1186 3599 iilum
1203 3536 1238 3599 et

152 3632 318 3702 Lebodirre
340 3634 374 3694 et
396 3628 538 3693 Aburum
559 3636 594 3696 et
615 3631 799 3698 Thebarum
822 3633 953 3698 oraculo
973 3630 1116 3721 adiisse,
1135 3632 1186 3700 itu
1205 3638 1239 3699 ui

151 3734 281 3801 minime
300 3729 522 3796 necessarium
549 3733 618 3816 sit,
661 3733 851 3818 scriptorem
873 3732 927 3798 hie
947 3730 1088 3799 de'Ptoi
1110 3734 1239 3801 eruendo

152 3833 254 3920 loqui,
276 3830 426 3917 idemque
448 3850 597 3911 uerrere,
626 3832 709 3918 qood
732 3833 853 3899 Herod.
877 3839 912 3903 et
934 3832 1078 3899 Peneon.
1101 3834 1166 3901 loo'.
1186 3834 1238 3903 dI

152 3932 313 4021 Equidem
336 3932 456 3997 missos
478 3932 603 3998 iaciens
625 3932 736 3998 omnes
758 3934 818 3999 has
840 3932 1004 4000 violentes
1024 3936 1242 4021 conjectum,

153 4033 194 4101 od
217 4051 298 4121 quos
319 4036 429 4100 temen
442 4032 584 4099 Turnebi
606 4033 764 4103 rationem
785 4053 850 4102 nou
870 4033 1045 4116 retulerim,
1066 4036 1175 4109 Iooum
1196 4028 1244 4111 εἰτ’
