2564 4508
491 202 638 291 ,48
721 228 886 321 ..

87 413 153 465 non
174 395 395 481 praecesserit
416 368 490 475 pen,
521 391 831 479 elidatur-uocalis,
862 411 929 459 nou
949 398 1043 459 reete
1062 399 1176 461 umen

88 495 232 563 addens:
254 497 352 585 ‚,·mihi
365 496 427 565 hoc
440 494 567 582 quidm
589 495 622 559 ia
645 496 689 561 re‘
703 513 768 563 nou
790 499 914 560 certam
935 492 1105 580 quandum·
1118 490 1174 561 ie'·

87 615 181 687 gelu,
195 597 258 665 sed
279 598 401 665 aurium
417 597 578 685 judicium.
593 599 729 664 secutus
750 612 842 661 esse.
850 593 980 662 videtur
993 593 1174 677 Isocrates.

87 697 269 769 Rarissima
281 698 375 784 apud
396 717 470 767 eum
490 703 545 765 ost
565 697 723 763 vocalium
751 694 981 776 concursatio,
1022 696 1175 783 quamvis

84 814 139 882 ea
152 820 214 868 uon
236 818 370 885 prorsus
390 798 599 875 abstinuerit,
643 796 731 883 quod
758 797 814 865 vol
835 816 880 864 ex
901 797 1053 882 Dionysii
1074 796 1174 865 uiuit-

88 901 316 985 ceroassouris
343 899 471 980 verbis,
499 898 540 967 alr
561 898 637 966 aliis
657 898 692 967 iu
712 898 905 965 contrariam
928 905 1053 984 purtem
1075 897 1174 965 arui·

88 1001 167 1087 luitis
200 987 310 1086 ‘patet
338 1001 381 1069 de
416 1012 517 1086 comp.
553 998 648 1065 verlu.
682 1017 711 1064 o.
739 995 804 1066 23.
835 994 942 1088 (quae
976 1016 1077 1084 supra
1109 1017 1174 1065 eu·

88 1096 241 1190 scripsi}-
296 1099 378 1183 Quis
410 1100 494 1167 haec
523 1101 572 1169 ita
597 1100 777 1186 scripsisse
807 1104 901 1186 putet
928 1099 1112 1187 rhetorem,
1145 1100 1176 1169 Ιί

86 1201 176 1269 nulli.
195 1203 323 1271 omuino
351 1201 436 1288 opud
463 1200 638 1271 {soeratem
666 1202 870 1288 reperiuntur
897 1191 1038 1268 hiatus?
1082 1197 1178 1280 Quae

87 1320 159 1369 eum
179 1304 228 1373 itu
248 1305 332 1391 siut,
351 1303 428 1389 quid
449 1304 544 1390 sequi
564 1303 685 1370 debeat
704 1301 829 1380 editor,
850 1301 979 1371 diffloue
1000 1306 1056 1368 est
1075 1300 1178 1369 dictu.

86 1400 224 1483 Quidum
246 1405 458 1490 pro-arbitrio
480 1405 690 1490 apostrophis
711 1404 763 1468 usi
784 1410 878 1492 sunt,
908 1423 1042 1490 quorum
1063 1408 1178 1473 tamon

86 1508 304 1575 temeritatem
332 1511 473 1590 spernet,
497 1506 623 1571 cautior
647 1506 766 1591 quivis
831 1501 1004 1590 Equidem·
1026 1522 1073 1570 ex
1101 1505 1181 1575 boui

87 1606 209 1674 codicis
231 1607 443 1693 manuscripti
464 1606 660 1673 auctoritato
681 1605 827 1692 pendere
847 1604 973 1692 malim,
1001 1624 1099 1692 quam
1120 1625 1181 1675 ar·

86 1707 183 1775 bitrio
204 1726 257 1773 me
277 1706 365 1775 dare·
379 1708 596 1796 recentiorum
617 1706 794 1794 editorum,
835 1726 968 1792 quorum
995 1725 1091 1792 qoam
1113 1726 1181 1775 ve·

39 1883 42 1895 .
86 1808 231 1875 riumde
251 1809 364 1873 relius.
380 1809 642 1894 orthographicis
668 1809 759 1876 rucio
787 1813 940 1894 tempore.
960 1806 1059 1873 inerit
1082 1806 1181 1890 judi·

86 1909 187 1995 cium,
213 1926 306 1975 nemo
328 1913 400 1995 est,
427 1909 503 1996 quin
529 1907 665 1976 sciat.“·
690 1908 813 1993 Quibus
832 1910 908 1995 ipsa
928 1907 964 1974 in
987 1909 1180 1997 Areopagi·

86 2009 151 2074 tico
174 2027 244 2073 meo
267 2008 350 2078 haec
365 2011 599 2096 jemapposui
626 2032 659 2097 p.
682 2007 774 2077 392.
816 2009 885 2099 „at
910 2009 994 2077 haec
1021 2009 1181 2096 Pinzgeri

86 2110 171 2177 ratio
193 2115 306 2195 (quam
328 2111 427 2177 etiam
448 2130 550 2196 nuper
560 2111 713 2179 Baiterus
726 2119 762 2179 et
777 2111 945 2198 Sauppius
962 2112 1067 2178 secuti
1080 2116 1180 2194 suut)

87 2211 186 2277 multa
207 2210 308 2279 hebet
337 2211 459 2297 quibus·
480 2213 622 2279 laborat.
663 2213 807 2279 Primum
835 2212 923 2277 enim
948 2212 1088 2298 videat,
1123 2232 1181 2291 ne,

87 2312 160 2381 dum
182 2312 308 2398 respuit
327 2312 475 2378 rationes
495 2313 664 2402 editorum,
684 2334 723 2381 se
744 2312 855 2380 uadat
875 2312 1054 2380 temeritati
1074 2312 1183 2381 libra·

86 2413 225 2488 riorumi
265 2408 350 2498 ¹quos
376 2432 441 2479 non
468 2415 624 2482 credibile
654 2423 709 2482 eut
736 2422 802 2482 tam
824 2416 923 2482 anxie
944 2419 1078 2481 secutos
1099 2432 1183 2485 esse

86 2533 211 2581 manum
238 2514 428 2600 scriptoris,
469 2522 505 2581 ul
530 2534 594 2582 non
621 2516 741 2583 hiatum
769 2518 903 2603 saepius
927 2535 1023 2603 quum
1051 2534 1115 2602 par
1137 2534 1184 2585 ex

85 2616 287 2700 negligentia
309 2614 447 2701 quadem
468 2616 689 2683 admitterent.
731 2618 841 2683 Recte
867 2614 1185 2685 euiurSchaeserus

88 2715 129 2783 ad
151 2715 322 2783 Demostlr.
344 2717 385 2783 Τ.
407 2717 434 2783 1.
457 2738 488 2804 p.
515 2716 604 2784 186.
627 2717 820 2806 affirmavit,
861 2718 982 2784 nullam
1002 2719 1035 2783 in
1057 2719 1185 2785 talibus

86 2817 240 2883 librorum
262 2837 342 2885 esse
361 2819 602 2887 auctoritatem.
645 2818 777 2884 Deinde
797 2819 859 2884 hoc
871 2825 907 2883 ut
919 2818 1084 2901 Pinzgero
1097 2837 1183 2886 con-

88 2917 221 2997 cedam,
248 2918 427 2985 Isocratem
454 2920 578 2986 surium
602 2918 760 3005 judicium
788 2939 868 2987 esse
902 2924 1073 2997 secutum,
1117 2918 1183 2987 sod

12 3054 15 3060 -
88 3010 192 3105 quid?
233 3018 263 3083 si
285 3017 396 3085 habuit
417 3026 483 3086 tam
498 3027 634 3091 'teretes
654 3039 768 3100 aures,
795 3039 879 3106 quae
906 3019 1027 3085 hiatum
1049 3019 1181 3087 omuino

7 3200 14 3212 Ἰ·
86 3109 317 3212 respuerent
349 3119 440 3186 Loco
468 3116 623 3209 Dionysii
653 3127 760 3188 autern
787 3138 831 3186 ne
857 3120 882 3185 ii
913 3117 1041 3205 quidem
1072 3116 1181 3187 refelli

35 3284 40 3299 ,
87 3225 245 3308 possunt,
265 3219 320 3306 qui
342 3223 524 3310 opinantur,
546 3223 651 3289 nullos
672 3241 807 3309 prorsus
828 3222 966 3307 reperiri
985 3221 1020 3286 in
1040 3220 1178 3291 Isocra·

88 3323 131 3390 tis
154 3321 288 3406 scriptis
309 3319 429 3411 hiatur,
451 3323 537 3409 quod
558 3328 680 3410 tamen,
700 3322 785 3409 quod
808 3323 927 3406 sciam,
948 3339 1048 3388 nemo
1071 3321 1179 3389 adhuc

88 3423 267 3490 contendit.
311 3422 500 3489 Diodorlius
514 3427 612 3501 euim.
633 3426 689 3511 qui
711 3444 753 3490 ue
774 3423 966 3510 particulam
978 3424 1036 3488 rol
1050 3421 1178 3509 quidem

89 3529 167 3590 ante
190 3523 337 3592 vocalem
358 3525 432 3591 siue
453 3527 540 3593 crasi
561 3528 594 3593 in
615 3527 764 3592 Isocrate
790 3527 938 3614 ferebat,
978 3542 1038 3589 eos
1069 3531 1179 3593 umen

88 3625 163 3690 tulit
189 3624 317 3714 hiatus,
364 3627 419 3712 qui
446 3627 481 3692 iu
510 3628 648 3712 tragicis
676 3612 804 3715 quoque
830 3628 940 3712 poetis
961 3626 1178 3712 reperiuntur.

88 3725 243 3791 Baiterus
271 3733 406 3806 autem,
445 3729 500 3813 qui
520 3747 707 3794 excursum
742 3729 943 3796 undecimum
977 3725 1020 3793 ad
1056 3724 1179 3792 Bremii

90 3827 229 3913 exempl.
252 3827 390 3896 isocrat.
414 3829 593 3913 scripsisse
619 3830 758 3917 dicitur,
801 3831 913 3917 plures
944 3832 1056 3896 etiam·
1072 3827 1113 3893 ab
1140 3844 1183 3895 ea

89 3929 279 3993 commissos
298 3946 377 3994 esse
396 3929 509 3995 hiatus
529 3929 810 3997 demonstraturus
828 3931 904 4020 tuit,
923 3929 1028 3997 veluti
1043 3931 1128 4016 'nupt
1148 3930 1184 3995 τί

89 4026 131 4091 ἄν
158 4035 193 4095 el
213 4025 264 4095 ὅτι
290 4025 347 4105 ἂν,
364 4033 407 4097 ’τί
430 4017 505 4111 οὖν,
537 4026 590 4096 ὅτι
619 4028 726 4110 οὐδὲν,
754 4055 788 4096 τι
813 4037 849 4097 ἐν
876 4037 911 4098 et
936 4032 972 4097 in
991 4031 1182 4097 universis!

90 4147 174 4220 quee
194 4128 226 4197 io
249 4155 263 4200 ι
284 4129 437 4201 liniantur
459 4131 633 4215 vocabulo,
655 4133 703 4200 ite
722 4134 796 4214 ml,
822 4129 944 4200 deinde
967 4154 1003 4197 ou
1024 4131 1060 4197 iu
1080 4131 1184 4218 prima
