2580 4514
498 144 781 208 „403-

94 332 158 399 que
178 313 212 377 irr
241 310 343 377 verbo
369 310 450 377 lieri.
493 310 540 377 lb.
570 311 605 375 io
633 309 766 377 verbisr
808 304 962 377 τοιοῦτόν
982 316 1076 379 ἐστιν
1094 308 1179 401 iperi

93 409 259 499 ἀληθεία,
290 406 499 493 μαθημάτων
520 434 555 475 τε
576 406 696 487 καλλος
723 412 965 499 γεωμετρικῶν,
996 408 1193 502 ἆστρρλσγι,

92 515 183 577 auio·
224 532 337 579 verum
359 511 444 578 vidit
466 510 647 599 Reislcius,
689 512 744 599 qui
764 508 910 590 ἀλήθεια
940 512 976 579 iu
998 514 1097 581 'nom
1122 530 1180 581 m·

94 615 181 701 vult,
202 620 237 679 ut
260 613 426 679 sententia
447 612 509 677 site
551 630 626 697 quo
649 612 1051 699 pertineutpyirtus,
1074 614 1181 681 veri·

96 723 181 801 tas,
223 714 530 799 pulcherrimae
566 712 817 803 disciplinae
851 710 1180 783 mathematicae·

95 814 156 882 Cui
177 817 385 898 conjecturae
406 813 496 877 luvet
518 832 560 878 ex
582 820 677 897 parte
700 812 752 879 ed.
765 812 846 879 Bas
867 830 953 898 quae
972 812 1096 879 habete
1115 810 1181 903 ἀρε·

94 915 151 1005 τὴ,
172 913 317 993 ἀλήθεια
337 910 564 994 μαθημάτων,
597 910 717 989 καλλος
737 936 790 991 τε,
821 932 916 998 quam
937 914 1181 999 Xylnnll.'ver·

95 1016 197 1084 tendo
224 1014 404 1100 expressit.
454 1013 670 1097 Respondent
696 1018 805 1078 autem
836 1014 920 1079 liaeo
945 1016 1182 1101 superioribus:

94 1115 133 1182 τὸ
163 1124 361 1202 σωφρονεῖν,
393 1111 432 1177 τὸ
458 1114 675 1200 φιλοσοφεῖν,
708 1112 747 1207 tp
773 1110 952 1196 γινώσκειν.
1012 1116 1064 1183 ll.
1095 1112 1181 1181 ΜΘ.

95 1220 127 1284 b.
149 1217 183 1282 iu
205 1216 333 1281 verbis:
355 1216 412 1279 καὶ
433 1212 453 1292 ἡ
473 1212 554 1296 γυνὴ
575 1213 720 1297 ἄχρυσος
740 1215 797 1279 καὶ
816 1210 1010 1301 ἀπόρφυρος
1029 1217 1090 1281 καὶ
1109 1210 1183 1305 ‘'apr-

95 1314 152 1397 λὴς
171 1312 333 1399 πάρεστιν,
354 1315 497 1382 sortasse
518 1316 594 1380 olim
615 1316 672 1380 καὶ
692 1313 835 1402 ἄχρυσος
856 1315 916 1397 tuit
936 1316 1108 1403 scriptum·
1149 1308 1153 1313 ’

123 1468 127 1475 ·
180 1452 235 1519 Ex
258 1458 331 1517 octo
353 1450 451 1535 igitur
472 1449 535 1515 hoc
557 1450 589 1514 iu
618 1448 700 1513 libro
730 1448 835 1515 obviis
863 1448 1007 1515 hiatibus
1034 1454 1183 1541 'poterant

96 1558 167 1620 tres
189 1555 339 1619 librorum
362 1572 424 1638 ope
446 1551 581 1635 corrigi,
625 1568 708 1613 unus
729 1568 759 1614 o.
782 1552 876 1615 Vlll.
897 1556 933 1615 et
954 1548 1019 1615 duo
1042 1568 1115 1639 cap.
1135 1552 1183 1637 x„

96 1654 159 1719 sed
180 1655 318 1740 quinque
340 1654 380 1719 ob
403 1654 524 1719 hiatum
544 1652 650 1739 ipsum
678 1648 875 1717 videbantur
899 1650 1070 1719 offendere
1100 1668 1128 1717 o.
1147 1654 1182 1717 ll.
1222 1732 1224 1741 Ι

96 1758 236 1820 111.1v.
260 1763 294 1821 et
315 1758 358 1819 X.
382 1754 456 1823 uuo.

181 1887 339 1955 inlibello
366 1888 415 1953 cle
438 1888 598 1955 vitioso
620 1885 775 1972 pudore
796 1882 1007 1953 cmliii.
1021 1905 1055 1953 e.
1069 1886 1183 1955 irror-

96 1988 168 2054 bis:
190 1989 328 2064 colluvie
338 1990 372 2053 δὲ
384 1998 440 2057 καὶ
455 1990 524 2075 περὶ
537 1984 678 2069 γαμουῆ
701 1990 802 2073 [περὶ]
824 1982 997 2073 θυγατρὸς
1013 1966 1185 2073 §diripis

97 2093 142 2162 εἰς
157 2083 334 2168 ὁμολογίαν
345 2085 514 2166 ἀλυσιτελῆ
531 2090 777 2154 κατακλείσασα
788 2089 945 2152 δυσουτία.
967 2086 1129 2155 Be’mkius
1139 2086 1185 2153 nl·'

97 2196 203 2257 terum
224 2189 304 2276 περὶ,
327 2189 410 2273 quod
433 2189 570 2257 Hutteo.
592 2190 683 2255 uncis
705 2188 846 2274 inclusit,
857 2186 1037 2253 delendum
1048 2176 1183 2255 censuit.

98 2288 178 2357 Mihi
200 2289 309 2381 polius
329 2286 455 2370 γάμους
476 2308 536 2375 pro
556 2286 665 2370 γάμον
685 2288 858 2373 legendum
879 2306 958 2355 esse
978 2288 1131 2377 videtur,
1154 2292 1186 2355 ul

98 2390 266 2475 sententia
292 2389 354 2455 sit:
389 2389 509 2455 multos
531 2390 629 2457 etium
652 2388 736 2475 quod
758 2390 878 2457 attinet
897 2388 941 2455 ad
962 2390 1097 2477 nuptias
1118 2390 1186 2455 sivo

97 2490 141 2559 de
162 2489 228 2559 tilia
250 2491 324 2558 sivo
346 2488 387 2554 de
409 2509 524 2557 sorore
546 2491 687 2573 conjecit
709 2490 811 2575 pudor
831 2490 972 2555 vitiosus
991 2490 1027 2569 iu
1048 2488 1187 2557 inutilem

100 2590 352 2676 stipulationem.
398 2589 432 2655 G.
456 2594 547 2659 XIV.
571 2589 661 2655 534.
682 2591 712 2655 b.
733 2593 766 2657 in
780 2590 908 2657 verbis:
930 2584 1020 2657 δυεῖν
1037 2586 1111 2677 παρ’
1126 2586 1188 2655 αὐ-

100 2693 159 2757 τοῦ
185 2697 219 2756 ἐν
234 2692 399 2776 βαλανείῳ
430 2692 604 2773 στλεγγίδα
631 2696 848 2774 κιχραμένων,
891 2690 926 2756 in
954 2688 1033 2759 Ald.
1055 2690 1138 2757 Bas·
1156 2696 1188 2755 el

99 2791 207 2876 Mosq.
240 2791 274 2857 1.
308 2810 367 2876 pro
401 2788 503 2857 αὐτοῦ
539 2799 593 2858 est
620 2789 710 2875 αὐτῷ
742 2796 777 2857 et
804 2790 986 2879 iuuMosqu.
1016 2788 1053 2857 9.
1078 2788 1188 2875 αὐτὸν,

101 2890 186 2978 quod
207 2893 254 2957 ita
275 2891 441 2979 explices:
485 2890 566 2959 duos
589 2894 642 2978 qui
658 2894 756 2976 juxta
777 2911 848 2961 eum
870 2893 904 2961 iu
926 2890 1046 2961 balneo
1072 2912 1189 2961 vem-

100 2999 231 3080 reutur,
266 2999 301 3058 et
321 2992 479 3076 strigilem
500 2998 660 3079 peterent
684 2992 811 3079 Mosqu.
835 2990 870 3063 2.
892 2998 1001 3063 autem
1022 2994 1112 3063 male
1131 2994 1189 3061 lra-

100 3095 158 3160 bet
178 3100 392 3181 κεχραμένων.
437 3091 474 3158 C·
487 3097 580 3162 XVI.
595 3092 687 3161 534.
699 3113 730 3161 c.
752 3096 785 3159 in
807 3097 916 3160 καίτοι
937 3091 978 3159 οὐ
999 3112 1066 3162 non
1086 3096 1189 3181 offell-

102 3196 187 3275 des,
230 3192 290 3260 sed
312 3198 438 3260 XVIII.
462 3191 554 3259 536.
576 3195 608 3260 b.
631 3195 663 3259 in
685 3196 819 3263 verbisa
860 3194 971 3278 μηδενὶ
988 3189 1091 3277 χάριν
1109 3196 1190 3273 ἔχειν

100 3296 286 3370 Ιἐπαινοῦντι
317 3291 437 3370 αὐτούς
475 3294 548 3359 olim
584 3294 727 3375 fortasse
762 3290 882 3375 αὐτοὺς
913 3294 1100 3375 ἐπαινοῦντι
1136 3294 1191 3365 tuit

103 3397 269 3483 scriptum.

189 3512 311 3578 Vidisti
331 3512 430 3596 igitur
453 3533 547 3577 uuum
568 3513 685 3580 hiatum
713 3530 742 3577 o.
772 3512 865 3583 XIV.
898 3510 1047 3597 potuisse
1073 3508 1193 3577 codicis

104 3614 314 3698 auctoritate,
334 3613 471 3678 alterum
496 3632 523 3680 c.
537 3617 595 3679 IX.
620 3611 773 3679 debuisse
795 3611 871 3677 aliis
892 3609 934 3675 de
949 3612 1062 3678 causis
1073 3618 1111 3679 et
1124 3616 1193 3679 ler-

105 3717 181 3783 lium
202 3733 228 3777 c.
251 3716 376 3777 XVllI.
399 3719 532 3800 propter
553 3714 712 3780 vocalium
735 3730 924 3782 concursum
944 3711 1026 3779 tolli.

189 3836 227 3895 ln
248 3830 356 3896 libello
378 3832 427 3897 de
448 3829 617 3896 invidia
638 3835 678 3894 et
700 3828 795 3894 odio
817 3847 845 3894 o
867 3818 907 3892 V.
931 3824 1071 3895 5326.
1092 3828 1194 3915 legis:

103 3933 242 3997 καὶτοῦ
266 3932 423 4020 Θερσίτου
444 3927 463 3995 ὁ
484 3927 615 4007 ποιητὴς
635 3926 695 4007 τὴν
722 3929 780 4012 μὲν
808 3929 868 3992 τοῦ
894 3924 1048 4009 σώματος
1074 3932 1196 3995 νεανίαν

102 4033 287 4116 πολυμερῶς
307 4033 363 4097 καὶ
384 4031 635 4117 περιωδευμένως
663 4029 754 4110 (Pet.
776 4029 1040 4113 αεριοδευμίςυως)
1067 4024 1199 4119 despop-
