2580 4514
570 124 844 191 -5og..

156 296 251 363 niune
271 294 450 381 praeeunte
472 294 507 359 et
528 289 790 378 wyttenbachio
809 290 971 381 probante
989 292 1035 361 sb
1056 292 1245 367 Hnttuntur

154 399 237 481 conj.
260 402 415 463 mututum
436 399 499 474 est,
521 393 757 460 restituendum
779 398 846 483 est,
864 412 928 481 qno
950 395 1040 463 fautu
1060 404 1244 489 ρσολπροο-

152 496 279 580 καθιζῃ
307 494 394 561 adde
421 496 479 571 τὶς.
528 494 578 560 ΙΙ).
610 490 702 561 776.
731 492 764 560 ό.
791 515 851 583 pro
877 492 917 575 δὴ
948 496 983 562 in
1014 492 1242 581 οἶκούομετόύ

150 594 287 685 Ὁμήρου
308 596 416 662 scribe
437 593 481 660 δ’.
522 595 562 661 ln
583 596 625 660 iis
652 602 782 675 auten,
804 614 889 682 quus
909 604 1109 683 sequnntur,
1141 600 1240 667 birtrs

152 699 239 764 θεοῦ
266 694 440 779 ὀαριστὴν,
468 703 503 761 ut
531 698 564 761 in
591 697 703 762 verbis
724 698 859 765 Homeri
890 716 958 765 nun
984 696 1135 767 offendit.
1175 698 1238 767 Sub

152 816 225 885 cup.
247 798 292 862 11.
319 795 463 862 7771).
487 800 557 881 jum
579 797 666 863 bien.
697 804 732 864 et
754 798 930 885 Wyttenb.
960 798 1126 886 quaedam
1153 802 1237 869 exti-

150 898 244 966 disse
265 897 427 965 viderunt.
470 896 563 980 Quod
585 899 615 963 si
635 904 691 965 est
711 904 801 965 tutus
823 899 905 965 biber
925 906 1121 987 excerptum
1141 900 1237 989 quud·

151 1000 243 1077 dum,
279 999 384 1065 minus
406 1000 504 1065 etium
526 998 677 1087 offendit,
714 1000 761 1064 uti
782 999 881 1065 etism
903 1004 971 1065 turn
992 998 1107 1067 bintus
1128 1000 1195 1069 init
1212 1020 1236 1069 r.

150 1104 194 1169 ΙΙ.
218 1100 309 1169 777.
332 1100 362 1165 Ι).
386 1096 460 1165 όόό
480 1102 598 1182 λέγειν,
622 1095 674 1163 ότι
695 1096 755 1164 δύο
775 1095 868 1180 λόγοι
883 1102 981 1179 εἰσὶν,
1002 1100 1130 1187 poterit
1150 1102 1236 1171 facile

151 1203 320 1290 explicari,
342 1201 417 1287 quin
438 1200 521 1267 baeu
544 1200 741 1289 utlagatus,
764 1205 799 1265 ut
811 1218 896 1287 quus
909 1208 1100 1287 sequuntur,
1121 1204 1236 1271 intelli·

150 1309 288 1389 gantur,
318 1303 424 1368 exiis
445 1321 529 1418 quur.
551 1302 675 1382 omisit,
702 1302 735 1367 in
758 1302 892 1367 brevius
913 1308 1087 1371 contracta
1108 1302 1235 1387 nddrdit

149 1404 198 1469 lb.
222 1400 313 1468 778.
331 1419 361 1467 ιι.
386 1405 535 1490 οιιερίοοτ
556 1404 590 1468 in
613 1403 742 1469 verbis:
765 1400 804 1466 ού
820 1399 885 1485 μὴν
906 1400 981 1469 ούδλ
1000 1400 1119 1491 φεύγει
1138 1408 1235 1473 τούτο

148 1501 314 1591 προσόντα
333 1508 451 1593 μετρίῳ
472 1502 566 1583 ἢθει,
610 1504 764 1590 pluralem
785 1506 926 1591 μετρίοις
946 1502 1086 1589 ἤθεσι,
1109 1524 1180 1573 cunr
1198 1504 1235 1575 b

148 1607 293 1692 pluribus
315 1606 360 1670 sit
380 1625 497 1684 sermo,
517 1605 727 1671 uPluturuhu
748 1606 905 1691 seriptum
926 1605 1041 1673 fuisse.
1082 1606 1135 1674 lb.
1152 1604 1233 1675 778

152 1707 182 1773 b.
206 1708 238 1772 in
260 1707 392 1772 verbis:
421 1703 439 1771 ό
460 1708 518 1788 μὲν
540 1695 598 1771 ούυ
618 1704 799 1790 ἀπράγμων
819 1702 1006 1795 φιλόσοφος
1026 1702 1068 1771 ού
1090 1704 1234 1795 φεύξεται

148 1806 224 1884 τούς
245 1805 420 1885 τοιούτους,
442 1804 460 1872 ό
482 1809 517 1872 δύ
536 1804 701 1882 πολιτικός
720 1808 777 1873 καὶ
798 1805 971 1895 περιέξεται
984 1804 1107 1889 αὐτῶν,
1126 1798 1235 1875 orbum

148 1909 205 1991 μὲν
227 1906 288 1972 ούκ
307 1909 472 1989 ἐνοχλῶν,
515 1905 587 1972 οὐδ’
613 1908 864 1989 ἐπισταθμεύων
896 1904 940 1972 τύ
971 1895 1043 1973 οἶτα
1063 1906 1236 1991 διαλέξεσιν

147 2008 297 2095 ἀκαίροις
316 2011 373 2073 καὶ
394 2016 614 2095 σοφιστικαῖς,
634 2008 843 2090 βουλομένοις
862 2008 897 2073 δύ
915 2014 1044 2095 χαίρων
1063 2012 1124 2075 καὶ
1137 2010 1236 2077 διαλο-

146 2107 281 2192 γόμενος
307 2111 365 2174 καὶ
391 2106 558 2189 σχολάζων
585 2111 641 2174 καὶ
669 2105 775 2174 συνοόν
801 2104 992 2193 προθύμως.
1037 2110 1140 2201 vulgo
1165 2116 1237 2201 pust

146 2209 322 2296 περιέξεται
343 2211 461 2294 legitur
481 2206 589 2275 αὐτῶν
610 2204 756 2288 ἀκούειν,
778 2205 850 2275 οὐδ’
859 2258 868 2289 ,
891 2208 975 2296 quod
996 2210 1139 2281 Hutten·
1151 2212 1236 2279 Men.

147 2312 286 2379 Ruiskin
308 2320 344 2379 et
365 2311 625 2399 Wyttenbuubiu
648 2310 861 2376 suadentibus
887 2310 921 2377 in
947 2308 1083 2403 αὐτόν,
1124 2312 1237 2381 ύιιουσι

144 2417 202 2497 μὲν
223 2415 372 2482 mutuvit.
415 2411 489 2499 Ego
511 2412 596 2478 fuciu
618 2432 689 2479 cunr
711 2411 855 2478 Fuebsiu
865 2460 877 2501 ‚
898 2414 953 2499 qui
972 2410 1107 2483 ύιιούοιν
1126 2418 1237 2503 sunju-

145 2518 191 2585 uit
212 2525 246 2585 et
269 2515 388 2593 deinde
408 2516 671 2600 βουλευομένοις,
714 2532 777 2599 quu
806 2512 893 2579 sustu
914 2511 1024 2581 αὐτῶν
1043 2514 1089 2583 τό
1109 2514 1237 2590 ύιιούοι

146 2624 254 2689 refero
276 2626 311 2688 et
333 2627 410 2708 pust
427 2617 610 2739 περιέξεται
640 2620 843 2707 interpungo.
887 2620 925 2687 0.
946 2621 1006 2688 ΙΙΙ.
1029 2620 1123 2691 778.
1143 2644 1193 2693 ο.
1203 2626 1237 2691 in

145 2725 275 2791 verbiS.
307 2718 440 2800 ἣδιον
418 2746 461 2787 αν
482 2724 603 2808 ἔσπειρε
623 2718 682 2799 τὴυ
702 2717 879 2836 τοσούτους
899 2728 1029 2809 tutum
1048 2726 1236 2845 dnum,

31 2908 35 2913 ι
145 2820 223 2903 ἣτό
243 2820 474 2897 Ἀντισθένους
494 2827 596 2886 &neruo
616 2819 838 2909 χωρίδιου,“
807 2844 859 2939 “us
866 2814 973 2904 μόλις
991 2820 1085 2909 αύτῷ
1105 2814 1153 2891 πύ
1171 2822 1235 2893 πό-

145 2921 242 2991 λιν’
223 2922 404 3008 οινῄρηιιας·
446 2922 526 2988 dicit
547 2922 664 2989 Reisk.
697 2920 820 2990 unte“
801 2947 841 3001 ιμ
861 2923 1009 2991 lacunam
1029 2942 1112 2993 esso
1132 2934 1170 2995 et
1198 2946 1235 2995 rr

143 3025 230 3091 bunu
257 3044 328 3090 uum
362 3030 522 3111 sequente
550 3042 681 3089 versum
709 3043 774 3089 nun
805 3025 989 3110 intelligere
1016 3020 1153 3095 tutetur.
1171 3024 1233 3093 ῖ-Ε

144 3126 243 3191 Τοιιι.
265 3132 300 3191 et
323 3125 414 3190 Vulu.
435 3131 582 3191 notatur:
619 3123 658 3203 ἣν
679 3122 769 3207 αύτῷ
790 3121 882 3205 μόλις
903 3113 962 3191 σύν
980 3126 1083 3193 πόλιν
1101 3126 1233 3217 ἀνείρο-

142 3249 212 3301 κας
242 3226 416 3313 Wyttenb.
437 3226 588 3310 corrigit·
609 3224 627 3291 ό
649 3221 743 3307 μόλις
763 3220 947 3309 Αὐτολύκῳ
967 3228 1161 3309 &malachan
1178 3226 1232 3317 ἢρ-

142 3349 232 3412 ιιεοι,
252 3323 455 3393 Fuehsius‘'
436 3350 475 3403 ηυ
496 3325 604 3392 deleto
625 3324 719 3408 μόλις
739 3322 830 3408 αύτῷ
850 3325 1053 3403 παντελος.
1032 3326 1232 3415 mmm.

140 3426 222 3493 Mihi
244 3433 352 3494 tumen
374 3432 503 3507 cetera,
525 3426 572 3492 uti
594 3445 614 3492 u
636 3427 735 3491 Turn.
757 3432 794 3491 et
816 3424 906 3490 Vutu.
929 3427 1140 3529 exbibentnn
1158 3428 1233 3497 reni

140 3516 242 3616 pussu
264 3528 430 3614 videntur,
449 3524 584 3593 mudu'
565 3525 744 3616 ανεύρηιιοις
763 3525 944 3593 scribatur.
964 3547 1081 3613 qnnnr
1095 3512 1232 3617 ‘igitur

141 3627 330 3722 (regionem
350 3625 523 3716 magnum]
545 3628 616 3695 vix
644 3629 682 3695 ei
711 3630 862 3694 iterum
883 3628 1099 3714 reperisti
1117 3638 1163 3697 nt
1176 3652 1232 3699 το-

138 3731 277 3799 lendum
320 3732 493 3797 Nostrum:
515 3728 644 3796 welche
664 3727 708 3793 du
730 3746 796 3794 nun
817 3728 884 3793 ihm
902 3728 1015 3797 kunnu
1021 3730 1161 3799 wieder·
1166 3730 1231 3801 un

140 3833 304 3918 gesunden
327 3817 420 3911 Ιιιιε),
460 3829 546 3947 quod
567 3829 654 3897 idem
676 3830 758 3947 erit,
792 3836 892 3914 utque
912 3828 1078 3899 uufflnden
1099 3832 1231 3899 kmmt

145 3934 191 4000 ΙΙ).
215 3932 306 3999 778.
327 3932 356 3999 (Ι.
379 3952 438 4019 pru
459 3935 505 4016 τῷ
533 3927 669 4009 πύοχειν
689 3918 725 3996 τύ
746 3935 826 3997 unte
846 3927 1063 4008 αἰσχύνονται
1089 3930 1233 4001 Ιοτλιιιιιε

142 4035 197 4118 τῷ
210 4023 246 4099 εύ
266 4029 423 4120 πάσχειν,
445 4034 492 4103 uti
512 4051 629 4120 supra,
650 4029 709 4098 tuit
730 4031 896 4117 scriptum.
940 4029 980 4100 0.
1002 4032 1062 4101 tv.
1083 4028 1180 4101 778
1199 4032 1230 4099 b.
