2564 4508
476 176 746 242 „323-

50 337 324 414 hacbw'nrelios
337 347 433 410 eruut
445 342 595 410 ordinata
612 344 642 408 si
657 341 733 420 τοὺς
749 347 901 422 πολιτνος
914 345 992 432 post
1002 351 1149 417 καταθέ-

54 448 151 514 σθαι
166 444 390 512 collocaveris.
414 439 676 530 capitatae.
689 445 878 512 verbaillar
896 451 1003 514 ἐκεῖνα
1015 449 1049 513 rt
1063 445 1150 540 [scr.

56 544 119 639 δ’)
142 543 248 630 ὥσπερ
268 550 483 624 αἰσχυνομένη
504 541 632 630 άτυφία
659 567 708 621 τις
734 546 978 630 παρακάλυμμα
992 572 995 581 “
1009 547 1067 628 τὴν
1094 555 1151 632 cy-

55 646 143 732 ·γύὴν
176 647 372 733 ἐφελκομένη
408 644 546 710 obscura
581 663 660 711 ease
682 647 753 730 jour
779 644 941 728 judicavit
968 646 1148 734 thande‘r.

57 747 249 835 heopoidus
271 764 313 812 ea
335 746 382 811 ita
403 751 456 810 est
481 746 739 830 interpretatus:
782 745 840 811 itta
867 753 975 812 autem
1001 743 1150 838 [Numae
1243 782 1248 789 «

56 841 233 938 instituta)
255 845 443 912 verecunda
465 843 621 931 quaedam
642 845 760 912 mentis
783 845 960 928 sobrietas,
983 865 1066 935 quae
1087 867 1149 917 nu-

57 951 148 1037 ptias
170 946 263 1034 quasi
285 952 320 1011 ut
341 945 492 1012 velamen
514 943 709 1032 praetendit.
756 946 801 1011 at
814 946 844 1010 si
860 947 987 1032 cogitas
1001 949 1034 1012 in
1048 955 1146 1016 ante-

57 1048 251 1117 cedentibus
265 1045 308 1112 de
322 1047 464 1132 Lycurgi
486 1045 645 1111 institutis
668 1047 749 1131 legi:
770 1051 877 1112 ταῦτα
889 1036 946 1128 μὲν
956 1045 1076 1134 ἰσχυρά
1091 1053 1148 1117 καὶ

57 1142 366 1236 ακρατοςάπάθεια
382 1145 461 1233 πρὸς
471 1142 635 1227 γαμετὴν,
658 1145 710 1210 hic
732 1148 830 1213 ctiam
852 1146 893 1213 ad
910 1145 1054 1234 άτυφίαν
1075 1147 1149 1214 addi

57 1248 271 1336 exspectabis
289 1264 369 1330 erga
387 1265 480 1333 quam
506 1252 692 1330 praestetur
715 1252 750 1311 et
774 1248 997 1332 suspicaberis
1015 1248 1149 1323 Plutar-

55 1350 153 1418 chum
175 1349 369 1433 scripsisse:
392 1341 434 1422 ὡς
448 1348 517 1434 περὶ
535 1351 768 1427 αἰοχυνομένην
788 1342 833 1436 (i.
851 1366 881 1412 e.
895 1343 1058 1437 γαμετὴν)
1070 1346 1147 1413 άτυ-

54 1455 182 1542 φίατις
201 1472 232 1514 ιι.
254 1473 281 1514 τ.
300 1451 329 1514 λ.
352 1453 387 1512 ut
402 1446 568 1513 sententia
587 1447 646 1512 sita
667 1446 725 1512 ilia
739 1453 815 1512 sunt
832 1447 918 1512 circa
932 1447 1148 1533 pudibundam
1217 1455 1220 1460 ’

54 1549 218 1618 modestia
239 1546 397 1634 qrraedanr
420 1565 502 1634 quae
525 1549 658 1634 nuptias
680 1554 715 1612 ut
736 1547 886 1613 vetameu
911 1543 1111 1633 praetendit.'

162 1647 217 1715 Ex
244 1646 467 1731 duodeviginti
499 1648 598 1732 igitur
623 1647 827 1732 gravioribus
862 1647 1004 1714 hiatibus
1033 1650 1066 1714 in
1097 1648 1168 1715 his?

56 1751 140 1818 vitis
161 1750 267 1816 obviis
289 1747 424 1814 debebis
446 1749 479 1812 in
502 1751 572 1814 vita
594 1743 738 1834 Lycurgi
760 1755 897 1832 quatuor
917 1746 1060 1816 codicum
1090 1769 1149 1817 au·

55 1852 213 1918 ctoritate
249 1849 364 1916 ductus
400 1849 516 1915 toliere
562 1845 625 1939 [v.
657 1867 686 1915 c.
715 1849 790 1915 XV.
819 1849 895 1916 ΧΧ.
926 1856 961 1915 et
991 1849 1147 1941 xxiii),

56 1971 154 2020 unum
176 1950 240 2017 etia
260 1952 303 2016 de
324 1969 424 2017 causa
446 1949 612 2041 corrigere
634 1947 686 2041 (o.
703 1946 883 2041 XXVII.)‚
905 1951 952 2016 ita
973 1951 1062 2016 utin
1086 1950 1147 2017 hac
1241 1946 1246 1961 '

56 2053 130 2121 vita
157 2050 220 2118 duo
242 2057 365 2118 tanturn
387 2057 517 2117 restent
538 2051 601 2118 loci
622 2051 729 2122 hiatus
757 2053 864 2137 gratia
884 2051 1029 2118 mutandi
1049 2047 1147 2143 (XV.

56 2160 93 2220 et
114 2148 272 2242 XXIX).
315 2153 354 2218 ln
375 2153 502 2218 Numae
531 2153 602 2218 vita
632 2153 747 2219 iterum
778 2152 840 2218 duo
868 2153 976 2220 hiatus
1003 2152 1163 2220 codicum*

55 2254 252 2322 auctoritate
280 2260 376 2320 erant
402 2251 591 2318 removendi
619 2248 672 2343 (c.
693 2254 720 2318 1.
744 2259 778 2319 et
801 2253 897 2340 vll.)
920 2260 989 2318 tres
1011 2254 1084 2320 aliis
1106 2253 1147 2321 de

56 2357 167 2422 causis
188 2344 304 2446 (cil.
329 2352 468 2419 erxlx.
494 2349 576 2441 bis.)
599 2360 633 2419 et
654 2353 688 2418 in
709 2352 834 2418 duobus
854 2353 944 2418 sotus
965 2354 1074 2420 hiatus
1096 2355 1147 2420 os-

56 2455 214 2523 tendebat
241 2450 292 2546 [c.
318 2455 380 2518 ΙΙΙ.
411 2459 445 2519 et
472 2448 600 2545 xiib).
664 2453 703 2519 ln
736 2453 976 2538 comparatione
1008 2453 1147 2540 denique

56 2575 141 2622 unus
163 2573 207 2620 ex
228 2554 401 2632 codicibus,
423 2553 485 2620 duo
507 2555 581 2620 aitis
603 2553 645 2620 de
667 2553 776 2620 causis
798 2551 847 2644 (Ι.
862 2561 896 2620 et
909 2549 989 2644 111.)
1012 2560 1171 2635 etunus'

57 2656 168 2722 hiatus
189 2655 291 2721 solius
312 2674 412 2721 eausa
434 2661 506 2720 erat
526 2653 756 2721 emendandus.
1274 2714 1277 2719 .

143 2754 183 2820 ln
204 2752 379 2821 Solonis
412 2755 470 2821 vit.
494 2775 522 2821 c.
548 2755 588 2819 V.
612 2754 718 2821 Set.
750 2768 793 2820 ex
818 2753 908 2820 Bodi.
941 2755 973 2819 t.
1004 2750 1041 2819 2.
1067 2773 1147 2840 pro-

57 2855 157 2920 bante
175 2853 307 2940 Bryano
328 2875 348 2921 a
371 2855 477 2922 Corae
498 2861 534 2921 et
550 2853 730 2922 Schaeiero
752 2853 874 2921 editum
900 2860 970 2920 est:
995 2849 1087 2920 Οὔτοι
1108 2852 1147 2935 δὴ

54 2950 284 3036 θαυμάσαντα
305 2953 363 3034 τὴν
384 2952 556 3038 άγχίνοιαν
578 2957 638 3018 τοῦ
660 2953 783 3040 ,ἀνδρὸς
811 2952 868 3020 τὸν
890 2951 1036 3020 Σόλωνα
1056 2953 1146 3034 δέξα-

55 3055 144 3120 σθαι
165 3052 372 3142 φιλοφρόνως
393 3058 448 3120 καὶ
468 3052 589 3141 χρόνον
610 3052 684 3120 τινά
705 3063 796 3134 σχεῖν
816 3052 888 3143 παρ’
913 3050 1003 3136 αὑτῷ
1023 3053 1084 3135 ἢδη
1104 3053 1149 3122 τά

54 3152 196 3236 δημόσια
217 3151 390 3236 πράττοντι
411 3156 468 3220 καὶ
489 3161 734 3251 ουνταττομένφ
755 3152 831 3231 τοὺς
851 3151 977 3237 νόμους.
1022 3155 1068 3221 At
1090 3176 1148 3224 ne·

57 3272 122 3340 que
143 3255 299 3320 Reiskius
320 3261 355 3321 et
377 3256 512 3321 Huttcn.
537 3273 641 3342 neque
666 3253 869 3322 Sintenisius
891 3257 952 3323 hoc
982 3257 1146 3343 probave-

57 3362 148 3434 runt,
172 3353 232 3420 sed
254 3355 419 3439 vulgatum
439 3353 625 3443 τράποντο
645 3361 682 3422 et
703 3354 958 3438 συνταττόμενον
980 3358 1147 3444 praetuie-
1240 3386 1243 3392 ·

55 3460 141 3519 runt.
165 3453 275 3519 Verba
291 3464 399 3520 tamen
413 3460 478 3522 turn
492 3458 574 3521 satis
595 3457 675 3522 urire
692 3457 740 3522 ita
755 3463 832 3523 sunt
845 3456 1014 3522 collocata.
1039 3456 1145 3544 Equi·

55 3554 130 3620 dem
144 3555 241 3639 igitur
252 3552 411 3640 procbrpi
424 3557 619 3642 conjecerim
634 3552 743 3636 αὑτὸν,
766 3562 801 3622 ut
822 3544 987 3622 sententia
1008 3558 1070 3622 sita
1093 3565 1146 3624 te-

55 3656 127 3720 nuit
149 3656 225 3721 sive
246 3655 378 3721 retinuit
398 3652 511 3747 (teste
526 3655 695 3741 Stephano
717 3655 973 3741 codeanuidam,
993 3664 1028 3724 et
1040 3657 1078 3724 0.
1093 3677 1147 3744 ap.

55 3750 185 3821 Sinten.
207 3755 328 3822 habent
351 3766 547 3836 κατασχεῖν,
581 3756 665 3843 quod
688 3759 785 3824 etiam
806 3757 988 3825 Schaetero
1006 3751 1147 3845 placuit)

55 3873 129 3923 curn
151 3856 237 3942 apud
260 3875 317 3945 se,
338 3859 468 3944 proprie
489 3856 538 3924 ad
567 3874 622 3943 se,
650 3876 681 3922 v.
705 3857 824 3924 Matth.
846 3856 904 3923 Gr.
925 3877 973 3942 gr.
997 3853 1032 3942 S.
1056 3852 1147 3923 588.

53 3953 92 4025 Ο.
110 3957 205 4023 ΧΙΧ.
220 3954 284 4022 89.
299 3979 329 4025 ο.
353 3955 406 4024 ὅτι
428 3955 446 4024 ὁ
468 3957 595 4041 &sopor
633 3949 745 4046 ἐφάνη,
761 3953 814 4022 ὅδε
835 3958 938 4022 verba
958 3973 1002 4019 ex
1016 3950 1148 4020 Solonis

53 4058 165 4127 tabula
188 4062 266 4123 sunt
286 4058 438 4144 repetita.
482 4054 526 4124 c:
543 4056 668 4124 ΧΧΙΙΙ.
697 4055 760 4121 90.
784 4055 805 4120 i.
840 4051 971 4219 Μφφρν
997 4055 1054 4135 μὲν
1079 4051 1143 4142 γάρ
