2564 4508
379 143 727 209 ...301-

10 376 12 383 .
58 319 86 381 et
105 317 199 379 reete
222 315 297 378 snut
318 309 500 396 disputata,
522 329 629 396 neque
652 310 755 376 miuus
774 309 862 388 idam
878 309 953 392 jure
972 309 1131 392 iuterpre-

41 416 208 481 ttationem
230 432 303 479 eam
328 412 504 496 improbat,
547 431 610 496 qua
639 410 816 496 Pompeius
842 409 1064 495 quaestionem
1094 406 1138 473 (le

55 514 259 602 providentia
281 513 491 598 proposuisse
512 517 547 577 et
568 513 600 576 ei
614 508 790 599 Cratippus
810 511 1024 598 respondisse
1043 508 1137 575 diea-

55 623 111 681 tur.
153 615 233 680 Non
255 614 338 678 enim
359 612 470 698 ᾔρετο,
497 612 557 677 sed
579 614 718 696 ἐρέσθαι
739 602 780 691 ἦν
801 620 855 680 est
874 613 1040 698 seriptum.
1085 608 1139 674 Aul

53 734 166 782 verum
188 720 296 780 autem
318 713 449 798 propius
477 715 574 779 etiarn
604 702 747 779 accessit
767 713 852 780 llos.
875 713 956 779 Dos.
986 711 1038 777 aui
1064 710 1139 796 qui·

52 815 125 881 dem
145 814 254 880 minus
275 813 359 879 bene
381 813 498 878 locutio
522 811 596 898 ὑπὲρ
617 816 673 892 τῆς
693 836 783 900 προσ.
804 815 941 897 ἐρέσθαι
970 812 1055 878 idem
1076 830 1140 876 va-

53 915 123 981 lere
143 915 294 1000 videtur,
326 933 365 987 ao
388 913 681 999 providentiae
708 915 866 980 nomine
893 915 1140 997 interroga-

52 1035 115 1101 re,
161 1015 216 1101 qui
243 1021 349 1079 autem
378 1014 473 1099 paulo
500 1021 575 1100 post
596 1036 654 1100 pro
676 1012 733 1080 τὸν
755 1013 785 1079 ὅ
810 1015 932 1082 mavult
952 1012 990 1079 τὸ
1019 1007 1063 1096 δ’,
1105 1020 1141 1078 ut

53 1117 219 1182 sententia
246 1115 413 1180 Plutarchi
450 1115 516 1178 sita
560 1118 750 1201 potuisse
785 1113 1028 1201 Cratippum
1061 1119 1140 1180 tum

54 1215 347 1302 providentiae
368 1216 523 1281 nomine
543 1236 563 1281 a
586 1217 777 1302 Pompejo
800 1235 1023 1303 quaerere,
1065 1234 1140 1301 quo

55 1315 216 1382 tandem
237 1323 480 1399 ar·gumento
508 1318 777 1395 eonstiterit,
820 1316 954 1400 ipsum
982 1336 1140 1381 usurum

56 1416 195 1483 luisse
216 1416 363 1482 melius
384 1417 573 1497 fortuna,
596 1419 632 1482 si
654 1418 833 1483 vicisset
854 1435 966 1501 quarn
988 1413 1139 1481 Caesa-

55 1536 152 1584 rem:
175 1523 253 1582 tum
275 1517 496 1583 ostendere
518 1529 579 1584 eto.
622 1520 668 1584 At
690 1526 755 1583 tum
778 1535 904 1603 quoque
924 1516 1017 1601 plura
1039 1518 1143 1582 otien-

56 1617 135 1684 dere
157 1636 222 1683 non
244 1623 298 1682 est
315 1617 409 1703 ,quodi
426 1619 535 1684 multis
556 1637 727 1705 exponam.
770 1616 930 1702 Equidem
960 1618 1057 1702 igitur
1087 1624 1141 1684 lo·

58 1725 121 1784 tum
141 1719 246 1784 looum
266 1719 313 1784 ita
335 1718 513 1785 sanandum
536 1738 615 1785 esse
638 1720 778 1784 arbitror
799 1725 836 1784 ut
855 1718 1034 1784 scribaturt
1076 1721 1141 1785 ἐπεὶ

56 1820 99 1901 τῷ
120 1819 180 1900 μὲν
200 1819 337 1903 ἐρέσθαι
358 1816 416 1884 τὸν
437 1816 613 1901 Πομπήϊον
638 1808 678 1897 ἦν
704 1817 781 1904 ὑπὲρ
808 1822 865 1898 τῆς
891 1822 1043 1906 προνοίας
1069 1817 1139 1884 τόδ’

57 1916 324 2005 ἀποφαίνεσθαι,
368 1917 729 1987 ὅτι-κακοπολιτείαν
758 1918 802 2011 (i.
832 1939 861 1987 e.
893 1921 985 2006 quia
1012 1939 1141 2006 qnae·

50 2019 189 2097 ,stioni
210 2018 398 2105 Pompeji
420 2020 440 2083 i.
453 2040 481 2086 e.
505 2020 659 2107 Pompejo
682 2023 852 2107 quaerenti
873 2021 945 2087 soil.
965 2020 1008 2088 de
1029 2021 1143 2107 provi-

58 2117 167 2185 dentia
198 2118 273 2185 hoo
302 2120 463 2186 licebat
493 2141 564 2206 pro
594 2122 863 2207 providentia
890 2116 1144 2212 declarare),

57 2219 194 2307 ἐρέσθαι
215 2220 249 2284 δὲ
270 2216 313 2309 (i.
327 2239 358 2285 e.
381 2221 526 2287 iterum
550 2229 679 2288 autem
701 2242 749 2287 ex
770 2222 960 2308 Pompejo
981 2223 1143 2290 licebat

57 2316 290 2409 quaerere)
316 2343 348 2385 ιι.
374 2346 402 2386 τ.
425 2325 455 2387 λ.
499 2321 571 2405 Qua
592 2322 659 2386 levi
681 2323 858 2386 mutatione
878 2340 936 2398 ea,
966 2323 999 2386 in
1028 2324 1143 2408 quibus

54 2418 248 2505 Stephanus
270 2421 417 2503 offendit,
440 2423 570 2490 videbis
592 2426 724 2487 remota.
767 2421 852 2486 Nam
873 2421 1035 2507 etiamid,
1057 2423 1142 2508 quud

57 2521 196 2605 ἐρέσθαι
219 2531 272 2587 est
294 2525 485 2610 repetitum,
528 2529 601 2588 tum
620 2521 664 2586 nil
691 2521 879 2587 offensionis
907 2520 1024 2605 babet,
1067 2522 1143 2608 quia

56 2612 226 2687 sententia
246 2623 351 2688 inesto
387 2625 475 2689 illum
498 2623 752 2706 interrogantem
774 2622 897 2707 poteris
918 2623 1016 2687 etiam
1037 2623 1144 2688 inter-

56 2738 186 2805 rogare.
226 2718 316 2788 Ἐπεὶ
338 2730 444 2789 autem
467 2721 667 2789 Sohaeierus
693 2727 785 2786 reete
813 2721 855 2786 ad
883 2719 1058 2805 ἀντιλέγων
1087 2739 1145 2788 re-

55 2820 137 2901 fert,
181 2826 217 2885 ut
246 2824 307 2887 sit:
351 2837 437 2889 nam
470 2823 632 2902 habuit,
674 2823 780 2908 quod
815 2828 1060 2910 opponeret.
1103 2820 1143 2890 0.

57 2921 214 2987 Lxxvl.
231 2921 321 2988 659.
338 2924 369 2989 d.
385 2944 443 3010 pro
465 2925 505 3007 τῇ
526 2925 560 2988 δὲ
580 2926 737 3006 κρείττονι
758 2920 914 3006 ἀδηρίτως
924 2919 1146 3008 ὃννοὶμειπρὸς

53 3023 154 3104 μηδὲν
173 3020 433 3111 ἀποχρήσασθαι
456 3023 659 3116 scribendum
681 3024 743 3088 erit
765 3024 908 3089 fortasse
929 3025 970 3107 τῇ
997 3021 1029 3087 δ’
1061 3021 1144 3103 oeq-

53 3126 152 3211 ρίτως
171 3129 328 3206 κρείττονι
350 3123 482 3207 δυνάμει
503 3147 532 3190 ν.
555 3148 584 3189 τ.
605 3126 635 3188 λ.
678 3122 764 3188 Nam
784 3121 941 3209 ἀδηρίτως
961 3129 1060 3208 auget
1078 3126 1145 3194 vim

24 3305 28 3309 .
53 3221 150 3289 verbi
174 3228 338 3311 κρείττονι.
1102 3224 1105 3229 ’

146 3323 184 3388 ln
212 3325 522 3410 comparatione
551 3325 743 3411 Agesilai
782 3344 865 3391 eum
897 3320 1146 3412 Pompejoe.
1199 3351 1207 3366 ·

56 3423 120 3490 lll.
144 3421 237 3489 663.
259 3425 289 3488 b.
312 3444 333 3490 a
354 3424 460 3492 Corae
482 3433 517 3493 et
537 3425 719 3494 Sohaelero
748 3447 791 3493 ex
822 3427 1016 3510 conjecturis
1038 3429 1146 3494 Anon.

56 3530 93 3591 et
115 3524 235 3591 Mureti
257 3524 377 3589 editum
399 3531 469 3590 est:
496 3531 523 3591 εί
549 3531 659 3608 μέντοι
679 3534 760 3603 τοῖς
767 3531 930 3609 μεγίστοις
949 3529 1007 3592 καὶ
1027 3550 1146 3615 κυρια-

55 3623 169 3701 τοίτοις
200 3631 245 3701 εἰς
271 3623 313 3689 τα
341 3621 426 3690 ὅπλα
452 3615 618 3712 πράγμασι
648 3630 704 3691 καὶ
736 3629 903 3709 λογίσμοις
933 3629 1147 3712 προστίθεται

54 3733 213 3813 πρωτεῖον
234 3722 331 3810 ἀρετὴ
353 3723 470 3813 ἀνδρὸς
489 3723 659 3809 ἡγεμόνος,
703 3726 741 3792 οὐ
762 3723 877 3814 μικρὸν
899 3723 917 3793 ὁ
938 3725 1064 3794 Λάκων
1088 3725 1147 3792 τὸν

52 3822 215 3907 Ῥωμαῖον
252 3824 451 3892 απολέλοιπε.
518 3826 623 3910 Vulgo
659 3847 718 3914 pro
747 3824 845 3909 ἀρετὴ
876 3827 994 3912 legitur
1023 3825 1146 3914 ἀρετῆς.

53 3926 217 3993 Relskius
238 3933 347 3993 autem
368 3926 517 4012 seripsit:
538 3928 733 4014 προτίθεται
753 3937 948 4016 προιστεῖον,
970 3926 1068 4012 ἀρετῇ
1088 3923 1146 3992 ἀν-

52 4025 132 4114 δρὸς
152 4021 307 4110 ἡγεμόνος
328 4024 368 4094 orl
388 4019 608 4124 μινρὸνῇ-εἰ
631 4025 888 4094 facinoribus
908 4033 1029 4112 atque
1050 4042 1146 4093 oon·
