2564 4508
502 159 543 172 -
605 120 686 188 arr
732 102 794 172 -'

95 294 260 363 excidere.-
302 280 383 377 Cap.
414 288 542 375 XLIII,
573 289 609 357 8.
638 288 766 375 corrige
794 288 829 355 dl
855 283 1096 377 ἐλευθερώσεις.
1131 288 1181 357 Ib.

95 393 131 463 6.
154 394 194 462 ad
217 392 336 462 verba:
361 392 411 476 ’τῴ
432 400 574 478 προτέρῳ
596 394 658 457 teci
680 390 866 458 Gronovius
895 388 1090 477 adscripsitc
1117 388 1181 459 boe

93 496 231 580 intelligi
260 493 387 581 nequit,
414 494 489 578 lege
516 490 678 579 πρότερον.
720 492 1008 558 Reiskius·lomen
1034 498 1181 579 προτέρῳ

94 595 241 665 defendit
262 602 297 661 et
318 593 508 679 Schweigb.
530 593 670 681 conferri
686 593 779 677 jubet
800 592 859 675 III,
880 588 996 682 rost.
1017 591 1074 659 nbi
1094 610 1180 661 sane

93 696 243 764 slmiliter
269 696 408 779 leglturz
436 700 471 760 έν
496 696 537 778 τῇ
563 700 702 783 προτέρᾳ
728 694 831 779 βίβλῳ
856 691 986 773 ταύτης.
1048 692 1179 761 Eodem

88 798 164 882 jure
185 797 270 862 enim
292 816 354 883 quo
372 795 464 861 dico:
485 796 518 860 iu
539 788 624 861 libro
643 796 697 883 qui
718 795 780 861 hoc
800 794 882 863 libro
902 795 992 881 prior
1009 800 1075 873 est,
1096 812 1179 881 pos·

93 919 163 964 sum
185 897 283 962 etiam
304 897 432 963 dicere:
454 915 538 963 anuo
560 896 614 983 qui
635 895 728 963 clade
749 896 837 981 prior
850 901 914 967 esi.
953 895 1177 965 Solet'tanren

93 998 249 1083 Polybius
271 997 312 1064 ad
339 994 411 1074 ’έτος
436 1016 568 1084 semper
595 995 782 1063 adverbium
810 992 964 1082 πρότερον
991 995 1118 1063 addere
1145 1014 1179 1065 v.

92 1098 122 1177 I,
145 1095 187 1175 6,
210 1097 244 1164 5.
266 1100 317 1180 II,
340 1098 411 1188 5⁷,
431 1098 465 1166 2.
488 1105 522 1165 et
543 1094 633 1184 saep.
676 1095 743 1162 Est
762 1096 861 1181 igitur
880 1115 1085 1184 nequaquam
1113 1114 1178 1165 ve-

92 1200 242 1288 risimile,
264 1219 336 1266 eum
363 1200 415 1266 hle
444 1201 485 1267 ab
506 1220 568 1266 usn
589 1199 773 1265 recessisse
796 1204 831 1264 et
851 1198 901 1263 sic
921 1198 1062 1279 hiatum,
1082 1214 1176 1285 quern

93 1306 186 1367 tanta
221 1321 292 1368 cnm
321 1301 492 1388 diligentia
520 1302 618 1388 fugit,
648 1299 832 1366 admisisse.
877 1301 958 1386 Cap.
979 1298 1110 1380 XLIV,
1140 1294 1179 1365 6.

92 1401 229 1468 emenda
250 1400 323 1468 τότε
344 1400 554 1484 ἀποθέμενοι.
577 1400 684 1489 XLV,
698 1401 731 1465 1.
745 1398 783 1467 4.
807 1407 840 1467 et
855 1397 890 1467 6.
905 1400 1061 1489 XLVIII,
1073 1394 1110 1467 6.
1124 1396 1180 1479 LI,

94 1499 128 1568 3.
150 1501 189 1568 τὸ
209 1505 311 1580 ἔθνος
332 1509 366 1568 et
378 1502 483 1590 XLV,
506 1500 541 1566 7.
563 1499 606 1566 τὰ
628 1498 690 1567 ὅθεν
711 1502 830 1589 legilur
850 1509 887 1569 et
907 1501 1030 1581 LVIII,
1056 1498 1119 1567 13.
1139 1494 1179 1567 τὸ

92 1599 179 1670 ὅλον.
228 1607 309 1691 Cap.
332 1601 455 1691 XLVI,
479 1601 515 1668 3.
537 1622 596 1688 pro
618 1603 778 1691 ἐθελοντὶ,
799 1600 848 1690 ἐφ’
874 1603 950 1669 vat.
973 1601 1100 1668 rectius
1120 1599 1178 1669 Illis

93 1703 149 1769 bet
178 1702 368 1783 ἐθελοντὴν,
397 1701 466 1791 ἐφ’.
499 1702 652 1782 XLVII,
685 1701 721 1768 5.
744 1701 817 1768 οὔτε
838 1700 964 1787 ἐχθρὸν
984 1702 1114 1787 corrige
1135 1718 1179 1769 ex

48 1881 55 1895 ι
91 1804 168 1870 Vnt.
192 1805 280 1870 Flor.
302 1805 388 1888 Aug.
411 1805 495 1889 Reg.
518 1805 560 1868 A.
583 1810 619 1868 et
639 1802 761 1893 Snido,
788 1804 842 1890 qui
870 1801 940 1869 οὔτ’
965 1803 1093 1889 έχθρου
1113 1800 1175 1869 lra-

90 1905 177 1973 bent.
201 1906 323 1986 XLIX,
346 1904 381 1969 5.
402 1903 446 1986 μὴ
469 1903 508 1970 οὐ
529 1923 592 1970 uon
614 1904 714 1971 habet
735 1924 798 1992 quo
819 1904 979 1987 offendat,
1001 1922 1109 1991 neque
1130 1902 1171 1989 L,

89 2004 127 2072 4.
149 2003 249 2089 αὐτῷ.
271 2003 312 2072 Ὁ.
336 2007 417 2084 LII,
441 2005 477 2070 5.
501 2007 628 2091 corrige
655 2030 690 2071 τε
708 2002 979 2093 Ἀκροκορίνθου.
1007 2003 1105 2083 LIII,
1136 2000 1174 2071 3.

90 2109 187 2171 τοῦτο
208 2095 255 2185 ἦν.
276 2107 354 2185 LV,
380 2108 414 2172 1.
437 2108 472 2171 di
490 2103 685 2189 Ἀντίγονον.
709 2104 745 2172 S.
764 2103 843 2188 μήτε
864 2104 1060 2192 αἱρετιστὴυ.
1082 2101 1119 2171 9.
1141 2104 1175 2173 dd

89 2204 333 2292 ὑποβολιμαῖον.
355 2212 451 2295 LVI,
474 2205 508 2274 3.
530 2210 587 2272 ιιιιὶ
608 2204 651 2283 ὠς
670 2206 758 2273 feres
779 2225 886 2293 neque
907 2194 1011 2273 minus
1036 2205 1097 2273 14.
1119 2226 1174 2277 πε·

89 2310 260 2374 πονθένοιι.
283 2306 358 2393 ἐὰν,
381 2315 414 2375 et
435 2308 559 2388 LVIII,
585 2305 647 2373 13.
672 2312 704 2374 οἱ
725 2304 834 2388 υιίποὶ,
865 2311 960 2398 LIX,
989 2307 1024 2373 o.
1052 2312 1110 2375 καὶ
1139 2310 1178 2373 du

88 2412 189 2496 LXI,
221 2408 256 2475 3.
285 2412 575 2491 ἐπισημαίνεσθαι·
612 2407 651 2495 ἢ,
678 2410 820 2476 fortasse
847 2410 947 2477 eliam
974 2413 1085 2475 LXIII
1092 2454 1106 2497 ,
1132 2404 1174 2493 Ι11.

88 2513 145 2576 ool
173 2513 275 2596 έτεροι.
319 2508 389 2576 Sed
411 2514 505 2577 LVII
512 2559 525 2595 ,
558 2510 591 2574 1.
622 2511 724 2576 ceteri
751 2509 824 2575 libri
851 2514 984 2596 praeter
1004 2514 1084 2577 Vct.
1113 2509 1177 2577 ba·

88 2613 167 2679 bent
187 2609 364 2690 ἐθελοντὴν
384 2617 460 2678 ante
482 2610 655 2688 Αἰτωλοῖς,
678 2611 873 2678 Vaticanum
893 2618 999 2677 autem
1020 2611 1077 2697 qui
1096 2611 1177 2677 ἑθε-

88 2715 177 2779 λοντὶ
206 2720 330 2790 tuetur,
359 2711 431 2778 edd.
457 2714 549 2799 sequi
577 2731 640 2777 non
670 2711 843 2779 debebant.
893 2711 1049 2797 corriges
1078 2728 1177 2799 porro

89 2818 213 2901 LVIII,
238 2810 300 2878 14.
322 2836 368 2896 γε,
391 2818 430 2878 εἰ.
452 2817 540 2894 LIX,
568 2812 599 2876 1.
622 2814 656 2877 cit
677 2819 723 2878 έκ.
746 2818 864 2890 LXIII,
889 2814 922 2879 1.
944 2816 1023 2879 ὃέιιυι
1033 2809 1178 2899 ἡμέραις.

89 2918 212 3001 LXIV,
232 2914 267 2979 3.
288 2913 322 2979 in
344 2910 488 2996 δεύτερον
509 2915 543 2979 δέ
564 2911 625 2989 ὅτι,
647 2912 698 2979 ed.
725 2914 759 2979 1.
782 2922 817 2980 et
840 2912 876 2981 3.
899 2934 970 2981 curn
985 2933 1068 2980 omn.
1083 2911 1177 2981 codd.

89 3018 136 3081 έτι
157 3033 215 3100 pro
238 3009 288 3078 ὅτι
310 3020 458 3102 tuentur,
488 3017 522 3080 δὲ
543 3034 623 3081 vero
642 3021 734 3082 caret
755 3016 842 3081 Flor.
886 3015 952 3082 Pro
968 3016 1102 3103 discr.
1132 3011 1180 3103 δ’,

88 3119 135 3181 ἔτι
157 3120 265 3182 autem
288 3136 353 3181 non
375 3137 510 3202 prorsus
531 3116 757 3200 rejiciendum,
800 3116 859 3187 sed
881 3117 928 3183 ita
950 3114 1178 3203 explicandum

89 3222 161 3301 est,
191 3221 227 3281 ut
247 3222 414 3283 sententia
436 3221 496 3283 sit:
539 3237 604 3283 non
626 3219 731 3283 solum
751 3218 891 3309 IncurlpIo
915 3217 1083 3284 Cleomeni
1104 3218 1179 3285 sine

89 3316 230 3405 periculo
253 3324 336 3397 erat,
362 3318 423 3384 sed
445 3319 542 3384 etiam
563 3326 736 3405 praeterea
757 3314 903 3405 Argiuos
919 3318 1087 3405 Antigono
1108 3318 1178 3385 lra-

90 3426 143 3485 tos
165 3418 334 3485 reddebat.
356 3423 462 3500 LXV,
483 3417 520 3485 4.
543 3439 609 3485 non
631 3418 756 3486 offendo
779 3420 813 3485 in
829 3418 1039 3498 πεντήκοντα·
1058 3416 1179 3505 'Anap-

88 3519 195 3587 νάνοιν
216 3539 321 3606 neque
343 3524 468 3600 LXXI,
490 3520 524 3584 5.
553 3521 586 3587 in
607 3517 803 3603 Λυσιμάχῳ.
825 3527 957 3603 ἐκεῖνοι,
983 3524 1096 3589 LXVI
1103 3566 1118 3605 ,
1137 3518 1179 3589 4.

7 3611 10 3618 ’
89 3628 197 3689 aulem
219 3622 405 3706 scripserIm
426 3617 609 3708 προῦθεντο
629 3642 687 3708 pro
709 3623 896 3706 προέθεντο.

172 3721 246 3787 Ηοε
267 3738 393 3807 quoqne
427 3723 461 3788 in
499 3720 579 3788 libro
608 3723 793 3788 numerabIs
827 3722 977 3789 undecim
1003 3720 1181 3807 gravlores

85 3822 216 3908 hiatus,
243 3840 287 3886 ex
310 3821 425 3908 quibus
447 3820 585 3907 quinque
611 3819 698 3912 (XI,
730 3822 766 3889 3.
794 3827 990 3903 XXXVIII,
1020 3820 1058 3887 7.
1085 3826 1181 3911 XLI,

88 3920 126 3991 8.
166 3926 297 4010 ΧΙΝΙ,
326 3920 360 3987 3.
391 3926 504 4009 LVII,
536 3917 593 4011 1.)
628 3925 817 4009 optimorum
852 3925 1005 3992 librorum
1032 3924 1181 3993 auetori-

85 4029 155 4090 tate
175 4028 321 4110 possunt
341 4024 475 4114 corrigi,
496 4042 577 4092 unus
598 4022 688 4093 locus
711 4021 834 4119 (VIII,
860 4021 945 4121 rt.)
964 4031 1083 4117 aperte
1103 4044 1181 4095 cor-
