2564 4508
458 165 732 225 -147-

58 353 117 398 nom
140 331 311 397 orationes
333 333 367 394 et
390 330 492 396 oratio
515 349 574 415 pro
588 329 781 396 Phormione
804 349 874 396 com
894 333 1038 398 oratione
1059 354 1138 402 oon-

58 440 99 498 tra
118 432 351 498 Phormionem
374 437 451 495 sunt
472 430 689 496 referendae·
714 431 752 495 ln
780 431 854 495 istis
883 439 991 497 antem
1020 437 1138 500 oratio·
1248 423 1249 426 ¹

58 533 138 597 nitus
162 533 227 597 hoc
248 532 384 616 primurn
407 530 646 597 concedendum
670 531 753 621 erit,
796 531 973 597 orationem
1004 537 1138 619 primam

57 640 159 698 contra
173 631 381 716 Stephanum
403 633 487 701 atius
508 651 587 696 esse
609 632 753 696 auctoris
774 637 872 717 atque
891 634 1066 700 orationem
1083 655 1138 702 se-

59 733 196 798 orndam.
242 731 359 796 Mirum
383 733 468 796 enim
490 737 598 810 esset,
630 733 659 795 si
692 731 777 797 idern
805 733 945 817 scriptor
967 735 1000 799 in
1023 736 1138 800 eadem

60 853 148 899 causa
171 837 207 899 et
230 831 344 897 eodem
368 831 435 897 iere
459 839 605 918 tempore
628 832 732 898 eidem
754 832 873 896 homini
900 833 983 900 duas
1012 837 1137 901 seribe-

58 944 98 1000 ret
118 935 289 1001 orationes
311 932 444 997 diverso
467 932 596 998 dicendi
625 952 747 1017 genere
775 933 938 1016 insignes,
982 955 1077 1020 quum
1106 938 1137 1000 in

60 1037 152 1102 attera
185 1055 279 1098 suum
308 1051 386 1098 esse
417 1034 547 1099 diruerit
577 1033 697 1098 hiatum
726 1035 854 1098 evitare
883 1031 960 1124 (qui
991 1037 1076 1101 enim
1104 1037 1136 1100 in

60 1143 127 1201 orat.
152 1140 268 1200 contra
289 1132 491 1217 Stephanum
513 1135 615 1219 prima
638 1135 731 1218 pauci
754 1135 903 1216 leguntur
925 1135 1049 1210 hiatus,
1081 1137 1133 1201 ta·
1235 1215 1241 1226 Ι

61 1237 108 1302 cile
130 1241 273 1321 possunt
295 1232 484 1324 excusari),
513 1236 547 1298 in
570 1235 674 1300 altera
698 1243 810 1299 contra
833 1235 864 1298 id
887 1236 1015 1300 minime
1039 1257 1136 1302 oura-

60 1339 143 1402 verit.
190 1331 259 1400 Cur
285 1337 369 1400 enim
397 1337 450 1421 qui
479 1337 512 1398 in
543 1337 651 1420 priore
680 1338 829 1400 oratione
857 1334 987 1399 dixerat
1018 1334 1137 1417 ἀναγί-

61 1461 169 1516 γνωσκε
192 1437 248 1502 vel
271 1434 448 1517 ἀνάγνωθί
465 1460 521 1517 μοι
542 1433 687 1526 (1118,
710 1435 771 1498 55.
797 1443 830 1500 et
849 1431 960 1510 1119,
984 1432 1082 1525 61.]‚
1104 1439 1138 1502 in

10 1553 11 1557 ’
63 1539 153 1604 altera
175 1537 260 1602 dixit
279 1561 335 1618 μοι
362 1533 537 1617 ἀνάγνωθι
566 1533 715 1628 (1131,
742 1535 789 1598 11)
821 1543 855 1600 et
883 1531 1002 1622 1136,
1026 1531 1137 1627 26.)’1

10 1645 14 1656 ’
63 1657 104 1703 cur
125 1639 180 1725 qui
204 1639 237 1702 in
260 1639 366 1722 priore
390 1637 472 1701 dixit
493 1640 579 1701 dorin
601 1635 620 1714 ῆ
642 1633 789 1713 διαθήκη
811 1632 955 1725 (1110,
986 1633 1080 1726 29),
1103 1640 1136 1702 in

10 1755 16 1765 ·
63 1739 153 1804 attera
174 1739 298 1802 hiatum
320 1737 449 1802 admisit
471 1735 490 1814 ἡ
512 1736 658 1816 διαθήκη
680 1731 797 1802 turchi
819 1757 875 1802 our
897 1739 950 1822 qui
972 1738 1135 1823 inpriore

10 1836 17 1864 ³
63 1835 203 1926 (1114,
227 1833 304 1924 43]
327 1841 413 1903 totio
435 1837 557 1933 αληθῆ,
580 1841 614 1901 in
636 1840 739 1903 altera
768 1839 858 1903 dedit
890 1837 1038 1928 (1135,
1061 1837 1137 1929 ⁶21]

10 1935 17 1967 ³
64 1937 160 2017 ἀληθῆ
189 1943 277 2015 ἐστι’,
320 1944 377 2002 aut
399 1956 454 2002 cuv
475 1941 528 2024 qui
554 1937 676 2023 1114,
696 1938 761 2001 41.
795 1936 908 2015 αληλλῆ
935 1937 1134 2003 πιστεύσαιτ’

10 2042 15 2052 ’
63 2037 130 2103 εἶναι
158 2036 218 2116 tipo
249 2036 384 2125 ἄφεσιν,
430 2040 461 2102 in
495 2041 600 2105 attera
632 2037 754 2124 1131),
778 2036 812 2102 6.
839 2039 939 2102 dixit:
981 2039 1137 2104 πιστεύειν

12 2149 17 2164 “
62 2137 133 2203 ταῦτ’
159 2137 276 2217 α’ληθῆ
297 2137 389 2216 εἶναι,
412 2159 473 2204 nec
495 2138 587 2204 ταῦτ’
613 2137 726 2216 ἀληθῆ
747 2137 906 2204 πιστεύειν
928 2138 1009 2204 εἶιναι
1032 2148 1066 2206 et
1088 2143 1137 2204 si-

10 2241 16 2251 '
63 2232 160 2306 uilia?
183 2238 250 2303 Est
272 2240 360 2304 uuita
383 2242 447 2305 aha
469 2241 511 2305 de
534 2259 633 2305 causa
655 2241 790 2326 factum,
811 2260 903 2325 quam
927 2243 1002 2326 quia
1025 2250 1138 2306 arrctor

10 2342 14 2352 '
61 2341 183 2407 atterius
207 2341 365 2405 orationis
396 2361 578 2406 sermonem
608 2343 653 2405 ita
685 2340 884 2405 conformare
913 2342 1059 2427 solebat,
1103 2350 1139 2406 ot
1252 2351 1254 2359 ‘

10 2455 12 2463 ’
61 2443 210 2506 vocalium
232 2460 409 2506 concursus
432 2443 612 2507 evitaretur
634 2448 668 2506 et
690 2448 803 2505 unctor
831 2441 965 2504 atterius
994 2443 1061 2518 ita,
1105 2452 1139 2505 ut

63 2541 161 2608 hiatus
183 2561 250 2605 non
273 2543 461 2608 evitaretur.
508 2543 612 2607 Nemo
634 2547 740 2606 autem
763 2562 857 2625 qrrrnn
880 2541 975 2605 facile
997 2542 1136 2605 astirma·

60 2648 139 2706 turus
170 2642 234 2724 sit,
279 2660 373 2705 unum
396 2638 597 2727 eundemque
621 2649 787 2726 utramque
811 2647 874 2704 tam
897 2640 1030 2704 diverse
1053 2643 1137 2703 scri-

10 2816 12 2835 Ι
58 2749 135 2825 ptam
159 2742 341 2806 orationem
363 2740 404 2806 de
427 2743 539 2807 eadem
563 2761 598 2807 re
622 2741 785 2819 edidisse,
821 2740 1001 2826 qrraeritur,
1034 2747 1139 2803 utrum

10 2866 12 2873 ’
57 2843 258 2906 verisimilius
272 2842 317 2905 sit
331 2841 584 2907 Demosthenem
607 2843 739 2928 primam
762 2857 804 2903 au
819 2839 993 2904 secundam
1011 2860 1137 2925 compo-

45 2943 166 3007 suisse.
213 2940 305 3022 Quod
328 2943 357 3005 si
381 2962 423 3008 ex
445 2944 486 3006 iis
508 2963 590 3028 quae
613 2962 711 3028 supra
733 2947 807 3005 sunt
839 2940 938 3004 allata
966 2941 1139 3005 intellexe-

56 3043 114 3120 ris,
159 3041 419 3107 Demosthenem
441 3049 532 3108 certe
553 3044 586 3107 in
609 3044 743 3128 publicis
765 3041 961 3106 orationibus
983 3041 1139 3106 vocalium

58 3161 243 3207 concursum
266 3144 435 3208 maximam
458 3149 589 3228 partem.
607 3145 746 3228 fugisse,
790 3141 950 3206 concedes
977 3160 1049 3206 eum
1078 3160 1141 3226 po-

57 3245 115 3308 tios
137 3245 272 3328 primam
294 3245 481 3328 scripsisse.
525 3243 665 3310 Accedit
687 3251 797 3308 tamen
819 3242 916 3307 etiam
938 3241 1002 3306 alia
1030 3261 1139 3321 causa,

55 3363 105 3407 cur
126 3345 174 3408 ita
197 3344 242 3406 sit
259 3343 478 3428 judicandum.
534 3342 699 3424 Quomodo
730 3345 814 3408 enim
843 3341 914 3407 tieri
944 3342 1069 3426 potuit,
1106 3356 1141 3408 ut

54 3441 270 3528 Apollodorus
292 3447 345 3530 qui
365 3446 542 3509 orationem
559 3445 693 3529 primam
708 3443 866 3509 habuerat
880 3462 900 3507 a
915 3434 1159 3508 Demosthene

54 3544 204 3629 scriptam
227 3551 261 3608 et
283 3553 472 3627 argumenta
495 3563 555 3608 sua
578 3545 756 3630 protulerat
779 3550 812 3607 et
835 3542 978 3608 etiamid
995 3551 1141 3611 caverat.

51 3643 295 3728 nestephanos
317 3645 442 3727 judices
465 3645 619 3730 decipere
641 3650 756 3730 posset
773 3638 980 3733 [1128‚87
994 3651 1029 3708 et
1044 3640 1142 3734 88),
1189 3696 1192 3701 .

52 3743 228 3828 quomodo,
256 3746 405 3831 inquam,
435 3745 505 3810 fieri
528 3746 633 3830 potuit
655 3752 690 3809 ut
711 3744 794 3809 idern
819 3743 996 3808 orationem
1025 3743 1141 3808 aDe-

49 3845 220 3910 mosthene
242 3845 397 3930 scriptam
420 3845 573 3933 haberet,
617 3865 680 3932 quoa
702 3844 778 3930 quaid
800 3842 988 3928 Stephanus
1018 3851 1140 3927 primae

49 3946 186 4010 orationi
219 3946 431 4031 opposuerit,
476 3947 587 4012 statim
609 3935 847 4028 redargueret?
890 3945 962 4008 Hoc
984 3943 1054 4008 tieri
1077 3963 1140 4008 non

48 4052 196 4130 poterat,
241 4047 288 4109 ita
312 4052 346 4109 ut
370 4045 545 4112 Behkerus
563 4047 638 4128 jure
669 4046 769 4110 hanc
801 4042 1020 4108 secundam
1048 4062 1141 4109 eon-

867 4144 939 4206 10*
