2564 4508
499 138 907 227 -253-‘

87 346 176 394 vero
198 326 323 414 passm
343 346 365 393 a
385 327 711 396 librariis'nonnullis
733 314 766 396 et
788 318 1182 396 editoribusbu'lemere

89 436 166 495 eru
187 431 361 510 invectum,
383 436 419 494 ut
440 427 892 518 monuiad1,10,7.1,26‚
911 414 1185 508 ro.'v,ua,a.“

179 531 282 597 Plura
309 531 391 596 vitia
421 533 518 597 etium
547 533 579 597 in
614 533 738 618 reliqua
776 529 848 596 libri
884 532 960 597 noni
995 535 1089 616 purte
1126 548 1184 595 re-

90 631 282 719 periuntur,
320 649 409 717 -quae
443 633 484 696 ab
516 636 730 718 epitomatore
767 633 913 719 prosecta
951 642 1028 698 esse
1064 629 1185 697 viden-

90 740 173 813 tur,
208 732 318 799 ‘veluti
349 732 464 812 XXV,
496 730 532 796 4.
570 733 604 797 in
637 737 685 798 ἔτι
721 734 756 798 δὲ
781 729 1014 798 Μασανάσσου
1049 728 1183 814 ἀκριβέ-

91 838 212 916 στερον
245 831 425 910 διήκουσα,
467 833 521 897 ubi
552 833 709 918 Polybius
735 833 878 900 fortasse
904 837 952 898 ἔτι
989 829 1019 896 δ
1051 829 1185 918 ἀκριβέ-

91 956 210 1021 στερον
250 930 480 999 Μασανάσσου
523 930 681 1010 διήκουσα
723 936 912 1020 soripserat.
955 932 1093 1014 XXVI,
1145 931 1182 998 7.

91 1039 181 1110 ἐνίας
213 1035 248 1099 δὲ
279 1035 337 1098 καὶ
364 1035 632 1118 παρασπονδῆσαι
660 1031 821 1117 ὑπέμεινε,
864 1035 918 1099 ubi
946 1036 980 1099 δὲ
1016 1054 1060 1100 ex
1099 1035 1184 1119 conj.

95 1132 286 1220 Soliweiglr.
308 1140 363 1199 est
384 1133 521 1211 editum,
543 1154 615 1200 aum
637 1134 747 1200 Vates.
771 1136 890 1201 lrabeat
909 1132 973 1223 γὰρ
995 1142 1031 1201 et
1051 1136 1085 1200 in
1106 1136 1183 1201 No·

98 1236 144 1301 tis
164 1235 358 1322 praetulerit
370 1237 467 1318 γοῦν.
511 1233 550 1298 In
571 1241 726 1301 monost
747 1234 822 1313 δάς,
852 1235 937 1301 unde
965 1236 1061 1309 facile
1081 1235 1184 1302 facies

98 1333 131 1400 δ’
160 1336 209 1414 ἃς.
257 1335 409 1418 Quodsi
440 1334 560 1422 probus
587 1354 646 1421 pro
660 1337 945 1420 1ιἐαρασπονδῆσαι
968 1335 1063 1402 dubis
1083 1358 1185 1417 παρε-

100 1434 273 1515 σπόνδησεν
294 1443 330 1503 et
350 1433 493 1517 ὑπέμεινε
513 1456 584 1501 oum
604 1434 804 1517 μετανιστάς“
822 1443 856 1501 et
867 1437 968 1500 ποιῶν
983 1442 1105 1502 strneS.
1123 1436 1184 1502 11.

62 1534 66 1542 ’
104 1535 136 1600 io
156 1538 284 1603 verbim
327 1533 417 1618 ὠμοῦ
437 1543 611 1619 γενομένου
632 1534 750 1616 αὐτοῦ,
772 1534 876 1602 αὐτοῦ
897 1537 1101 1622 epilumaturi
1121 1556 1185 1604 nec

105 1633 232 1722 Polybio
253 1637 367 1704 deberi
387 1636 529 1702 videtur.
572 1638 649 1702 Non
679 1636 783 1703 minus
804 1637 952 1727 XXVII,
974 1636 1010 1704 8.
1040 1639 1074 1704 in
1102 1657 1184 1704 ver·

52 1780 57 1831 3
110 1733 171 1800 bis:
195 1739 252 1803 τοῦ
272 1735 336 1821 γάρ
355 1734 576 1820 Ἀκράγαντος
597 1735 659 1802 ὑπὸ
677 1735 809 1802 Ῥοδίαν
830 1736 1071 1822 ἀπῳκισμένου,
1098 1735 1186 1805 aix&
1230 1808 1233 1813 ,

52 1846 55 1935 l
114 1857 164 1910 τας
182 1834 198 1902 ὁ
219 1837 299 1915 θεὸς
321 1829 416 1914 οὗτος
436 1837 494 1916 ἑὴν
515 1835 616 1916 αὐτὴν
637 1843 702 1916 ἔχει
722 1845 958 1926 προσηγορίαν,
981 1837 1020 1917 ἣν
1039 1841 1097 1904 καὶ
1117 1862 1186 1905 πα-

116 1929 151 2015 ρά
167 1949 229 2029 τοῖς
246 1936 405 2016 Ῥοδιόις,·
434 1941 497 2005 ulsi
517 1941 626 2026 plura,
653 1945 743 2005 cerie
768 1938 846 2007 ordo
876 1941 916 2005 ab
945 1940 1108 2025 eclogario
1130 1946 1185 2006 est

117 2043 246 2105 mutatusi
290 2037 327 2106 C.
348 2039 510 2119 XXVIII,
535 2038 572 2104 4.
598 2056 664 2125 'pro
691 2042 743 2104 δεῖ
766 2041 800 2106 in
827 2043 949 2106 πολλοῦ
977 2038 1015 2124 γὲ
1045 2042 1110 2120 (ul.
1133 2042 1184 2119 δὲ)
1227 2074 1230 2079 ·
1271 2048 1274 2060 '

118 2138 161 2203 καὶ
178 2140 231 2228 δεῖ,
250 2138 336 2206 ἀλλὰ
358 2139 487 2206 videtur
507 2143 576 2205 δεῖν
588 2143 742 2226 seriptum
759 2141 871 2207 fuisse.
894 2141 1071 2228 XXXVII,
1095 2139 1129 2207 2.
1142 2143 1181 2220 ‚in

120 2238 209 2304 verbis
229 2247 257 2306 εἳ
277 2244 335 2323 μὲν
357 2238 455 2322 ὅμοια
468 2249 525 2321 ἐἴη
545 2241 588 2307 τά
610 2239 787 2327 πράγματα
808 2245 865 2307 νῦν
886 2243 994 2329 aptius
1008 2245 1066 2308 νῦν
1079 2244 1183 2308 Iocum

71 2402 76 2409 ,
120 2352 189 2403 suom
209 2351 283 2417 onst
305 2339 405 2424 ὅμοια
425 2345 561 2409 tenebit.
606 2340 751 2408 offendit
774 2343 872 2409 etiam
894 2349 1007 2429 utpote
1027 2345 1062 2409 in
1076 2345 1183 2430 Poly-

120 2432 159 2499 bio
177 2439 335 2523 XXXIX,
366 2441 400 2508 3.
428 2442 577 2522 δηλονότι
604 2439 695 2527 ἀπερ.
739 2440 943 2526 Corrigenda
958 2449 1078 2509 ¹nutem
1105 2447 1183 2508 siunt

119 2531 211 2623 XXV,
240 2543 276 2608 5.
308 2546 342 2608 δὲ
372 2551 426 2625 ἐκ,
457 2541 492 2608 6.
520 2540 606 2608 ἀλλά
632 2541 693 2608 ἀεὶ.
717 2544 849 2631 ῘΧΧΧ,
880 2542 916 2608 ὅ.
953 2567 990 2626 γε
1025 2541 1183 2625 ἀληθεία.

119 2630 259 2721 XXXIII,
283 2641 322 2725 6.
338 2643 378 2709 τὸ
398 2643 493 2732 ἱερὸν.
528 2644 692 2724 XXXIV,
722 2640 758 2709 9.
785 2669 820 2709 τε
847 2645 907 2710 ἐπὶ.
934 2643 1113 2721 XXXVII,
1144 2641 1182 2710 6.

78 2788 83 2809 .
118 2735 268 2818 tudanum
289 2741 373 2824 ὑμῖν.
417 2745 570 2810 Perenna
590 2750 685 2811 eruut
706 2745 849 2822 XXVII,
873 2742 907 2809 9.
928 2746 986 2809 καὶ
1008 2743 1036 2808 ὁ.
1057 2743 1184 2830 XXXI,

119 2830 148 2896 4·
169 2845 218 2908 καὶ
242 2842 380 2929 ἐλάβετε.
409 2843 575 2932 XXXIII,
599 2844 662 2910 tl).
690 2848 867 2932 ἐχρήσατο,
894 2834 920 2910 ὦ
949 2847 995 2910 Χ.
1024 2843 1182 2923 XXXVI,

120 2930 341 3025 42nola'rrouoe.
364 2941 450 3008 ἀνθ’
475 2951 510 3010 et
533 2943 566 3012 6.
596 2947 643 3011 Τί
662 2935 736 3024 οὖν,
760 2947 806 3011 nti
828 2945 1011 3035 XXXVII,
1034 2942 1068 3010 2.
1089 2942 1181 3012 εἶναι.

62 3122 66 3133 Ι
120 3039 147 3098 V·
181 3040 245 3110 Sed
266 3043 436 3123 XXXIII,
466 3044 501 3108 3.
532 3047 566 3110 In
587 3048 717 3112 verbis:
760 3043 815 3111 διά
838 3045 1001 3111 Φιλίππου
1022 3044 1062 3111 oti
1081 3042 1183 3126 μόνον

119 3152 153 3199 tx
169 3141 244 3230 Aug.
265 3147 349 3230 Reg.
373 3152 408 3210 et
431 3147 567 3212 Vesont.
590 3147 631 3212 da
652 3146 708 3212 διά
730 3147 911 3249 (liutizorum,
934 3153 969 3212 et
990 3145 1183 3228 XXXVIII,

120 3231 148 3295 4·
166 3260 226 3310 rom
247 3246 386 3311 Reiskiu
409 3253 443 3310 et
465 3247 650 3341 Scaligero,
672 3267 736 3312 non
757 3247 958 3332 improbante
980 3246 1184 3331 Schweigh.,

120 3329 179 3423 ὑπὲρ
196 3353 269 3430 post
289 3348 347 3410 καὶ
368 3345 463 3430 liele,
494 3349 584 3430 cujus
605 3339 677 3413 loeo
709 3367 821 3415 omnes
842 3349 916 3413 libri
944 3353 1020 3434 περὶΔ
1041 3352 1180 3414 tuentur.

119 3428 278 3512 lisinam
298 3447 394 3511 iniis
416 3465 499 3531 quae
519 3448 719 3515 urrtecedunt
740 3449 795 3527 tria
816 3447 923 3514 αὐτῶν
944 3442 1108 3533 seriptum.
1141 3448 1182 3515 Iu

119 3551 174 3621 lap·
197 3545 301 3629 XLII.
329 3547 545 3630 fragmentum
573 3567 615 3614 ex
644 3549 779 3614 Herone
808 3568 907 3634 supra
933 3556 1180 3615 commemorato
1228 3558 1254 3627 ἰ

120 3645 161 3699 est
177 3645 341 3730 adjectum,
364 3646 448 3732 quod
472 3654 578 3713 tamen
600 3650 728 3714 minime
751 3648 963 3734 Polybianum
984 3667 1062 3717 esse
1083 3650 1181 3716 vide·

121 3740 167 3800 tur.
202 3747 362 3833 Reperies
384 3749 417 3812 in
438 3768 477 3813 eo
499 3749 559 3813 bos
581 3748 707 3813 hiatus:
747 3745 781 3812 1.
803 3749 900 3825 τείχει
922 3745 1179 3834 ὀχυρωσαμένοο.

121 3827 148 3894 ²·
163 3844 403 3932 παραγενόμενοι
425 3847 538 3928 αὐτοὶ,
568 3845 586 3912 ὁ
607 3845 842 3933 μὲν-στόλῳ,
863 3843 926 3913 ὁ-
938 3851 997 3913 καὶ
1016 3850 1179 3932 ἱππικῇ-ι

118 3935 163 3997 καὶ
184 3941 468 4032 ἀποκρουσθέντες.
504 3948 539 4013 3.
574 3943 842 4029 ἀγωνισαμένου,
883 3945 1113 4023 ἀπελπίσαντες
1146 3953 1181 4016 οἱ

122 4025 301 4122 Krouan-
308 4047 465 4132 Φιλίππῳ.
488 4043 572 4140 (4)
588 4044 709 4120 ,οά-τε
730 4034 962 4130 ἦσαν-ἐνδείᾳ
975 4044 1180 4130 ἀναγκάζειν.
