2564 4508
545 165 821 228 ..275-

145 336 185 397 et
215 329 278 416 qni
309 318 444 394 vallas
476 329 551 396 has
572 326 617 422 (i.
633 349 661 397 e.
678 337 815 417 quatuor
829 325 959 421 rames)
980 330 1132 399 habent
1158 326 1226 399 sn'-

144 435 253 495 munt
281 429 361 494 sibi
391 447 461 495 eas
484 430 629 515 quibus
652 431 811 496 surenli
834 450 911 496 non
932 429 1229 499 sint'aiterna·

145 531 213 595 tim
246 525 382 613 Cerrige
395 549 490 615 porro
512 529 556 608 II,
579 529 614 595 2.
635 539 713 595 ποτέ
724 535 795 595 εἰσι.
817 528 854 596 9.
868 527 927 595 δύο
942 528 1114 614 οὐλαμοὺς.
1125 532 1188 613 III,
1199 530 1230 597 7.

146 632 179 694 δὲ
195 628 329 715 ὄμβρον.
351 631 398 695 Ib.
411 628 622 696 Casaubanus
638 651 707 696 eum
723 633 843 698 Ursino
855 651 913 717 pro
926 631 1034 696 πάντα
1045 632 1164 715 συνέβη
1179 629 1234 699 τὸν

146 728 227 816 ἀέρα
249 733 360 793 ἐκτῶν
380 732 486 815 νεφῶν
507 732 621 796 invitis
643 751 724 797 sane
740 752 819 797 mss.
843 738 934 797 reete
950 731 1059 797 dedit:
1081 730 1141 797 τὸν
1154 730 1237 817 ἀέρα,

145 829 201 894 τὸν
217 836 253 894 ἐκ
270 853 298 893 τ.
321 853 392 915 nem.
436 828 502 894 Est
523 832 618 917 enitn,
640 831 687 896 uti
708 832 805 896 etiam
820 832 977 897 Reiskius
992 832 1236 921 animadverti&
1263 908 1272 919 ‚¹

146 938 268 996 eertum
280 930 368 994 aeris
380 949 496 1015 genus
518 936 552 994 et
567 931 695 1016 quidem
709 931 918 1021 caliginosus,
941 932 1087 1001 turbidus
1099 934 1170 1013 air,
1183 932 1236 1019 qui

145 1032 286 1097 nubibus
315 1032 421 1095 inerat
449 1038 483 1094 et
512 1030 553 1096 de
576 1051 637 1116 qua
669 1031 722 1098 hie
751 1050 858 1098 sermo
887 1038 948 1098 est.
979 1038 1046 1122 vl,
1075 1028 1100 1097 3
1129 1038 1167 1101 et
1198 1028 1238 1099 6.

147 1153 211 1198 non
234 1133 381 1198 offendes
403 1132 435 1195 in
465 1119 490 1193 ὦ
520 1129 648 1220 ἄνδρες,
691 1131 750 1197 seri
779 1130 816 1199 4.
845 1128 1104 1201 erasin'adhibe
1130 1134 1166 1198 in
1193 1130 1238 1199 τὰ

148 1228 232 1297 ὅπλα
255 1238 289 1298 et
312 1229 348 1295 7.
369 1232 598 1316 apostrophum
619 1231 653 1296 in
674 1234 780 1297 τοῦτο
801 1231 915 1312 εἰπὼν,
962 1234 1014 1298 nbi
1035 1234 1070 1298 in
1091 1234 1239 1320 antiquis

147 1331 288 1415 exempl.
310 1339 402 1397 reete
418 1335 486 1415 jam
516 1329 611 1397 τοῦτ’
636 1330 733 1397 εἰπὼν
761 1340 814 1398 est
842 1334 972 1400 editam.
998 1338 1077 1413 VII,
1107 1330 1145 1399 2.
1173 1352 1239 1400 nan

149 1432 332 1517 displicebit
353 1434 478 1510 ἕπηται.
495 1428 592 1513 Ἅμα.
616 1438 651 1496 et
675 1431 709 1496 7.
739 1431 782 1498 de
803 1433 846 1497 τὰ
872 1430 936 1499 ὅλον
963 1439 1120 1501 consueta
1146 1452 1248 1501 mara·

144 1533 318 1616 judicabis.
363 1532 434 1599 Sed
456 1537 546 1610 VIII,
561 1530 638 1597 6.in
654 1532 783 1598 verbis:
806 1530 880 1598 οὐδὲ
892 1532 950 1599 τὸν
966 1534 1239 1621 σορογγολοῦντν

149 1638 285 1712 ἔχοντες,
300 1631 374 1697 οὔτε
389 1635 549 1731 συστῆσοοε
562 1630 733 1715 δυνάμενοι
747 1657 778 1698 κ.
790 1658 817 1699 τ.
830 1637 860 1701 λ.
873 1653 933 1720 pra
947 1637 1074 1713 ἔχοντες
1088 1635 1242 1719 conjece·

152 1734 212 1798 rim
236 1729 380 1811 σχόντες,
404 1739 439 1797 ut
457 1735 561 1816 magis
575 1734 726 1819 sequenti
739 1737 841 1801 verbo
855 1733 1085 1823 προσεδέξαντο
1099 1752 1245 1821 respen-

149 1836 238 1917 deae,
261 1834 313 1898 eui
333 1833 379 1918 id,
403 1834 488 1918 qued
509 1852 551 1899 ne
573 1834 736 1899 habebant
757 1835 901 1920 quidem,
922 1836 976 1922 qai
996 1835 1124 1918 signnm
1143 1834 1242 1903 daret

149 1944 183 2004 et
205 1938 266 2002 Irae
288 1934 331 2000 de
358 1953 457 2000 eausa
479 1934 673 2020 phalangem
694 1935 833 2001 formare
860 1937 934 2002 sive
955 1926 1243 2011 constituerem
1270 1928 1273 1933 ’

149 2041 313 2123 poterant,
335 2036 530 2121 praecessit.
575 2033 694 2102 Crasin
716 2037 862 2103 adhibuit
884 2036 1041 2123 I'oiybir'rs
1060 2040 1129 2118 IX,
1153 2034 1191 2101 a.
1214 2032 1241 2101 7

149 2144 183 2204 et
214 2135 277 2203 12.
305 2137 338 2200 in
368 2132 411 2199 τὰ
441 2131 527 2201 ὅπλον
564 2141 598 2202 et
621 2137 669 2205 ,7.
701 2138 735 2205 in
768 2134 812 2203 wi
845 2132 917 2204 ὅλοι.
954 2142 1027 2218 XI,
1073 2133 1111 2202 9.
1149 2132 1242 2205 dedit

148 2236 348 2324 Schweigh:
361 2255 405 2305 ex
427 2240 615 2323 conjectura
635 2238 707 2303 εἶτα
727 2241 784 2304 καὶ
805 2233 928 2316 αὐτὸς,
971 2256 1041 2303 eum
1071 2238 1106 2303 in
1127 2236 1182 2303 ed.
1209 2234 1241 2301 1.

148 2337 236 2403 Med.
248 2339 332 2423 Aug.
345 2338 431 2432 Iieg.
443 2338 484 2404 1⁴¹.
502 2338 534 2403 1.
548 2338 630 2403 Tuti.
651 2340 682 2403 1.
700 2339 835 2404 Vesant.
854 2336 887 2404 1.
908 2338 1035 2422 legatur
1047 2333 1102 2402 εἶτ’
1124 2342 1161 2403 ἐν
1180 2333 1241 2403 αὐ-

148 2448 226 2518 τοῖς,
248 2440 388 2505 Ursinus
405 2448 513 2506 autem
533 2439 567 2502 in
581 2458 640 2504 sua
654 2444 741 2504 msto
756 2444 819 2502 εἴτε
832 2435 953 2518 κᾳύτὸς
968 2438 1072 2505 fuIsse
1088 2438 1240 2523 affirmet,

148 2541 232 2621 quod
254 2541 311 2604 ilie
332 2541 366 2605 in
387 2546 452 2622 εἴγε
471 2536 611 2622 spirae,
657 2537 869 2604 Casaubnnus
897 2544 1005 2603 antem
1033 2545 1069 2607 et
1089 2538 1146 2625 qui
1166 2556 1241 2607 euna

149 2642 254 2706 secuti
276 2647 354 2707 sunt
375 2641 521 2708 editores
542 2643 576 2707 in
597 2638 670 2705 εἶτα
689 2634 812 2720 aprinis
831 2638 1016 2705 mutandum
1047 2656 1127 2705 esse
1154 2658 1239 2705 een·

148 2748 292 2809 suerunt.
315 2742 401 2825 Reg.
423 2740 465 2807 Ε.
489 2742 588 2808 habet
608 2737 669 2805 εἶτ’
695 2726 754 2805 οὖν
775 2734 885 2815 αὐτὸς,
908 2739 1016 2824 Regg.
1038 2732 1135 2804 nn.
1149 2740 1188 2805 F.
1204 2736 1241 2805 θ.

151 2843 232 2908 Ves.
259 2839 295 2906 2.
324 2841 407 2906 Tub.
432 2839 470 2907 2.
502 2842 641 2928 denique
663 2842 823 2927 praebent
840 2841 898 2904 aeti
917 2836 1018 2915 αὐτὸς
1038 2838 1165 2927 absque
1184 2834 1238 2905 εἶτ’

149 2941 205 3008 vel
226 2939 305 3006 εἷτοε.
349 2938 423 3025 Ege
444 2940 630 3008 Casauboni
648 2941 720 3006 εἶτα
740 2937 861 3024 κοντὸς
882 2939 1059 3005 seribentIs
1079 2939 1241 3007 ration·

150 3061 263 3108 veram
284 3060 362 3109 esse
384 3043 533 3122 arbitrer,
554 3043 587 3107 in
608 3063 673 3130 qna
694 3043 782 3108 erasi
803 3061 876 3110 enm
889 3040 1014 3108 librarii
1025 3030 1241 3129 offenderent,

149 3143 212 3207 Ime
234 3142 290 3208 vel
319 3141 398 3207 iliud
428 3142 470 3208 ab
498 3143 540 3207 iis
570 3150 625 3209 est
652 3143 771 3211 datum.
816 3143 934 3230 Neque
961 3160 1032 3207 eum
1060 3138 1242 3225 schweig-

149 3242 310 3307 haeusero
332 3248 408 3328 post
424 3239 574 3325 Ἄννιβοις
595 3242 631 3318 ὃς
652 3262 757 3329 neque
778 3241 899 3309 deinde
920 3245 977 3307 καὶ
999 3236 1071 3322 οἶμοι
1091 3234 1242 3321 neieina

149 3366 184 3406 τε
208 3343 253 3424 τῷ
275 3343 471 3427 scripserim.
514 3342 691 3410 Sententia
713 3345 798 3437 enim
820 3348 889 3410 est:
911 3341 1033 3409 deinde
1054 3342 1241 3429 etiamipse

150 3441 315 3509 Hannibal
337 3446 436 3509 armis
457 3462 536 3508 usas
558 3449 611 3508 est
633 3444 850 3509 Romanorum
871 3443 977 3509 etsie
1003 3461 1114 3509 enrnrn
1144 3460 1242 3529 prae-

150 3544 304 3609 stantiam
333 3543 490 3628 prabavit.
519 3546 620 3628 XIII,
650 3542 685 3608 1.
713 3543 842 3627 corrige
869 3566 944 3606 τινα
969 3536 1063 3617 εἰκὸς.
1087 3544 1175 3629 XV,
1203 3538 1241 3608 8.

151 3641 257 3709 ταῦτά
277 3651 355 3710 ἐστι.
377 3647 493 3729 XVII,
514 3639 553 3708 4.
576 3642 611 3706 δὲ
632 3641 749 3730 οὔσης,
770 3642 831 3709 sed
853 3646 946 3721 XVI,
966 3639 1003 3710 4.
1024 3640 1077 3708 fer
1095 3642 1156 3709 aaz
1175 3644 1242 3707 ἑτέ-

150 3768 228 3831 ροις.
250 3747 358 3822 XVII,
382 3740 416 3807 6.
444 3743 558 3808 Τίτον.
575 3740 669 3822 'Hem
691 3747 815 3821 XVIII,
844 3748 875 3805 1.
898 3738 1077 3827 ἐθάρῥησνι
1096 3736 1240 3809 abest.

152 3840 313 3928 θοιρῥὴσω
334 3840 390 3921 ἂν,
412 3842 465 3907 nbi
487 3841 676 3929 Schweigh.
698 3831 743 3907 οὗ
764 3843 904 3927 conjecit
924 3841 998 3908 sine
1018 3840 1139 3909 idonea
1160 3858 1243 3909 ean-

152 3963 201 4009 sa.
245 3941 420 4009 Sententia
440 3942 506 4008 loci
526 3943 612 4009 enim
633 3948 704 4008 est:
726 3943 869 4009 sanabor
888 3942 922 4008 id
944 3940 1119 4009 occasione
1134 3942 1247 4009 ablata

152 4042 226 4110 sive
247 4041 278 4108 si
298 4043 346 4112 ita
367 4040 539 4124 accident,
583 4042 781 4113 confirmare.
814 4042 851 4110 3.
883 4048 993 4112 tamen
1027 4041 1158 4128 earrige
1177 4035 1247 4109 ata
