2564 4508
547 127 712 244 '2¹⁸⁴
775 163 817 178 ..

144 314 215 362 oum
240 294 435 362 Foertschio
467 297 524 362 καὶ
553 299 589 361 τί
614 290 716 374 οὕτως
746 294 949 381 scripserim,
991 293 1036 362 G.
1062 294 1152 363 enim
1175 298 1235 363 eat

144 395 297 471 τοιούτως
319 400 354 462 et
374 394 419 461 Ι).
434 415 484 482 pr.
506 397 563 461 καὶ
584 398 730 474 τοιοῦτος
751 396 862 463 habel.
905 392 946 462 Si
965 400 1075 463 autem
1097 397 1232 484 quaeri-

145 500 217 575 tur,
260 494 345 562 unde
366 497 485 563 lactum
506 495 568 576 sit,
609 498 700 563 utin
721 497 785 564 hac
806 498 953 565 oratione
974 497 1054 562 nulli
1073 497 1145 565 lere
1165 497 1234 564 sint

144 595 278 680 hiatus,
320 596 354 662 id
383 615 582 684 nequaquam
618 616 697 664 casu
733 599 857 666 iactum
888 617 965 665 esse
1003 598 1126 683 polerit
1160 597 1235 665 dici.

147 693 228 777 Quis
256 697 342 763 enim
379 696 512 778 credat,
555 717 634 766 casu
662 698 799 786 quodam
836 717 896 786 per
928 699 1047 783 viginti
1073 717 1234 784 paragra-

146 797 232 882 phos
252 798 355 865 verba
375 798 421 862 ita
443 816 522 864 esse
543 803 733 884 conjuncta,
773 806 809 866 ut
829 800 935 866 nullus
957 798 1033 866 inde
1055 799 1238 866 exsisteret

148 899 258 965 hiatus
271 897 368 985 idque
383 898 468 985 apud
480 899 685 986 scriptorem,
708 899 773 989 qui,
793 906 946 987 quantum
959 917 1002 966 ex
1015 899 1163 986 plurimis
1177 917 1238 966 oe-

150 1000 232 1066 teris
247 1002 320 1084 ojus
334 1000 533 1066 orationihus
545 999 685 1084 judicari
696 1007 814 1087 potest,
835 1001 963 1069 omnino
976 1001 1156 1068 orationem
1171 1018 1238 1067 non

150 1103 199 1165 ita
230 1101 410 1185 lormabat,
457 1107 493 1166 ut
525 1101 619 1167 simul
648 1101 807 1168 vocalium
836 1121 1013 1169 concursus
1043 1100 1239 1169 evitaretur.

152 1199 366 1267 Marklandus
386 1202 486 1287 igitur
493 1205 570 1288 jure
580 1203 648 1285 jam
660 1202 821 1269 dubitavit
835 1223 910 1270 num
921 1203 1047 1290 Lysiae
1059 1203 1114 1281 sit,
1134 1201 1240 1269 Reis-

154 1302 229 1368 hius
252 1322 323 1370 cum
338 1303 482 1391 Tayloro
504 1301 538 1367 id
558 1304 592 1369 in
614 1301 708 1370 dubio
730 1304 920 1390 relinquens
940 1323 1014 1372 eam
1026 1323 1086 1390 pro
1101 1301 1243 1390 epistola

153 1423 215 1470 seu
236 1404 371 1470 formula
391 1403 625 1470 renuntiandae
646 1403 808 1473 amicitiae
829 1405 938 1473 habet.
962 1404 1165 1492 Spengelius
1182 1402 1243 1470 de·

155 1505 252 1591 nique
274 1506 308 1570 iu
329 1505 400 1569 lihr.
422 1522 514 1588 saep.
536 1503 592 1569 all.
625 1526 656 1590 p.
684 1501 775 1570 125.
805 1523 875 1571 eam
903 1512 983 1572 ante
1011 1504 1241 1572 anarchiama

149 1607 278 1689 juvene
303 1604 408 1689 Lysia
437 1604 621 1670 conlectam
650 1623 728 1672 esse
756 1611 881 1673 censet.
930 1604 1079 1673 Similem
1109 1603 1245 1692 protulit

156 1704 354 1770 sententiam
377 1705 475 1771 etiam
496 1705 660 1772 Franaius
682 1706 714 1771 in
736 1705 819 1792 Lys.
841 1725 873 1791 p.
896 1703 986 1771 250.
1008 1704 1188 1774 etGevers
1208 1705 1243 1768 in

156 1804 257 1870 libelli
285 1803 326 1870 de
353 1804 478 1890 Lysiae
504 1804 672 1892 Epitaphii
700 1812 834 1873 auctore
861 1803 1031 1892 (loetting.
1063 1801 1183 1872 1839.
1205 1801 1244 1870 8.

158 1903 238 1971 editi
264 1925 296 1990 p.
331 1903 391 1970 lo.
454 1907 502 1972 At
529 1926 603 1972 num
631 1905 766 1992 Lysiam
788 1908 944 1991 juvenem
974 1905 1094 1972 hiatum
1120 1906 1248 1991 fugisse

157 2004 315 2072 credibile
337 2011 391 2072 est
412 2026 452 2072 eo
464 2013 620 2093 tempore,
643 2026 707 2092 quo
721 2012 870 2073 oratores
884 2007 1011 2072 omnino
1025 2006 1148 2072 hiatum
1162 2024 1249 2071 nou-

159 2107 234 2173 dum
248 2100 441 2191 fugiebant?
463 2108 548 2174 Num
570 2108 724 2174 credibile
745 2113 800 2173 est
820 2113 935 2187 artem,
957 2110 1007 2174 cui
1024 2107 1160 2191 juvenis
1173 2111 1250 2171 stu-

161 2206 293 2289 duerit,
335 2207 439 2274 virum
459 2213 495 2276 et
513 2227 627 2274 senem
649 2208 839 2292 neglexisse
861 2207 958 2295 idque
987 2209 1020 2273 in
1046 2206 1250 2292 argumentis

160 2308 261 2374 multo
273 2300 504 2393 gravioribus?
526 2306 573 2373 Et
589 2327 646 2374 cur
660 2309 693 2374 in
709 2308 855 2387 Erotion,
876 2328 971 2394 quam
991 2309 1171 2374 orationem
1192 2324 1251 2372 eo-

165 2410 240 2477 dem
261 2415 408 2496 tempore
435 2410 613 2494 scripsisse
635 2409 763 2490 dieitur,
786 2408 894 2474 hiatus
917 2428 980 2476 uon
1002 2414 1057 2476 est
1077 2397 1254 2475 evitatus?

162 2511 301 2577 Rectius
319 2511 418 2595 igitur
439 2528 510 2576 cum
532 2510 724 2576 Marklando
746 2514 781 2574 et
802 2509 1007 2576 Hoelschero
1035 2505 1102 2601 (de
1121 2508 1195 2575 vita
1216 2511 1251 2572 et

162 2612 296 2698 scriptis
318 2610 454 2696 Lysiae.
498 2610 607 2676 Berol.
637 2607 751 2681 1837.
776 2630 808 2694 p.
832 2605 921 2700 711.)
949 2615 1051 2676 totam
1073 2609 1252 2675 orationem

162 2731 229 2779 non
250 2711 394 2797 Lysiae,
417 2710 475 2776 sed
498 2710 621 2777 rhetori
644 2710 769 2777 cuidam
790 2709 886 2796 eique
906 2729 971 2776 non
993 2709 1115 2795 optimo
1141 2707 1252 2777 serio-

163 2832 234 2891 rum
248 2817 428 2897 temporum
447 2811 580 2890 tribues,
603 2829 665 2896 quo
680 2811 778 2876 etiam
799 2808 889 2877 ducit
909 2816 1130 2896 argumentum
1153 2806 1252 2875 exile.

248 2912 422 2977 Difficilius
437 2910 585 2997 judicatu
607 2917 661 2976 est
690 2910 733 2976 de
761 2916 944 2979 ceterarum
972 2910 1178 2992 orationum,
1220 2906 1255 2970 in

165 3011 280 3101 quibus
302 3011 410 3078 hiatus
431 3012 537 3077 rarius
558 3018 612 3077 est
632 3010 815 3098 admissus,
840 3010 915 3079 fide.
960 3008 1103 3077 Recedit
1124 3005 1254 3092 quidem

165 3112 336 3198 avulgari
358 3113 483 3198 Lysiae
506 3110 743 3178 consuetudine
764 3111 869 3177 oratio
889 3109 1051 3190 secunda,
1091 3106 1154 3199 sed
1188 3123 1255 3173 non

164 3216 234 3295 ita,
277 3219 312 3279 ut
334 3232 375 3279 ca
396 3211 438 3278 de
460 3231 561 3278 causa
581 3211 745 3279 affirmare
766 3210 930 3290 audeam,
973 3229 1046 3277 eam
1074 3226 1141 3275 non
1175 3223 1254 3275 esse

166 3314 316 3402 Lysiae,
358 3312 393 3379 id
421 3313 505 3398 quod
532 3330 614 3379 sane
642 3312 732 3379 multi
760 3312 823 3379 viri
851 3311 938 3378 docti
972 3311 1049 3377 aliis
1073 3307 1117 3376 de
1145 3305 1256 3377 causis

163 3418 420 3502 judicaverunt,
461 3432 495 3480 v.
524 3413 719 3480 Hoelscher.
751 3413 774 3479 l.
803 3412 857 3479 all.
888 3433 921 3498 p.
952 3409 1018 3478 48.
1082 3408 1176 3477 idem
1205 3406 1258 3475 di·

168 3518 305 3586 cendum
326 3515 370 3582 de
391 3514 539 3581 oratioue
560 3533 648 3580 nona
669 3519 705 3580 et
725 3512 853 3580 decima
874 3517 1008 3598 quarta,
1053 3509 1096 3577 de
1123 3525 1257 3595 quamn

167 3627 300 3688 auctore
317 3619 386 3700 jam
400 3614 639 3701 Harpocration
661 3615 833 3680 dubitavit.
875 3608 1138 3681 Annomeranda.
1151 3615 1259 3675 nmen

167 3723 221 3788 his
243 3720 308 3787 erit
329 3717 427 3785 etiam
449 3715 554 3781 oratio
577 3736 636 3801 pro
649 3714 844 3800 Mantitheo,
868 3732 964 3799 quam
978 3708 1195 3778 Marklandus
1216 3727 1258 3775 ex

167 3821 297 3909 optimis
323 3816 477 3903 Lysiauis
505 3817 672 3883 existimat
700 3834 805 3903 neque
833 3815 938 3880 minos
966 3810 1194 3878 Hoelscherns
1226 3828 1257 3894 p.

169 3922 233 4015 87.
257 3919 378 3998 laudat,
399 3918 540 4005 itemquo
563 3924 598 3984 et
619 3917 723 3983 oratio
744 3923 859 3986 contra
880 3913 1069 3982 Dardanios
1090 3917 1127 3981 et
1147 3910 1191 3979 de
1211 3909 1259 3977 io-
