2580 4514
572 40 982 165 ..rm-⁸

162 269 220 331 net
240 265 420 350 particulae
440 264 557 333 fiuoiis.
609 265 687 333 Alio
707 264 750 333 de
771 284 872 333 conso
892 284 958 334 nou
973 265 1152 349 offendunt
1170 286 1249 337 rer-

161 365 219 432 but
260 363 360 448 504,
387 364 477 433 156.
499 365 634 449 ,ἄτιμος
654 371 760 433 ἔνιοί(
780 370 862 454 φησὶ
882 371 960 454 ,καὶ
982 366 1000 454 ἡ
1023 366 1123 435 odolo
1144 370 1248 453 δήμο-

157 470 349 552 οίοὲλιτιν,“
371 475 449 534 sunt
471 469 556 534 euim
578 468 680 534 verbo
700 467 793 535 otius.
834 468 941 534 Simili
962 471 1005 537 de
1026 488 1129 537 coneo
1144 470 1246 537 iero!

157 572 255 635 etiom
276 570 397 636 trintum
420 567 518 651 505,
546 567 633 635 158.
660 570 693 633 in
716 569 844 635 verbis:
872 572 992 654 ἔθηκεν
1011 569 1070 659 λφ’
1094 569 1147 649 οἷς
1166 568 1246 652 idet-

156 693 212 737 νυι
237 668 480 737 ἀποκτιννύναι.
511 662 516 681 ’“
542 670 628 736 Sunt
662 671 747 735 enim
775 671 878 737 verbo
904 671 1008 761 legis,
1043 680 1080 741 et
1108 678 1248 761 pomum

85 793 90 802 ·
157 772 296 861 counierri
318 792 400 858 quoe
421 773 583 837 Aristocr.
608 768 708 850 644,
727 768 795 846 74.
818 772 980 856 leguntur.
1023 772 1138 841 Pausa
1158 794 1246 845 cott-

157 883 208 942 tru
230 881 284 939 est
304 873 436 940 etiude
457 893 478 939 u
500 873 638 937 Roiskio
659 874 896 989 internuncium
919 872 1018 960 504,
1043 874 1133 943 155.
1161 880 1247 947 inter-

156 978 321 1042 Λεπτίνου
343 973 382 1040 οὐ
403 973 511 1057 μόνον.
538 970 641 1037 156.
650 976 698 1055 τῴ
718 969 807 1055 νόμῳ
826 972 862 1049 ὃς
884 981 919 1040 et
939 964 1148 1057 567,1-64.
1170 976 1245 1060 virid

156 1074 248 1152 πόλις
268 1066 474 1141 τοίνοιντλυε
448 1100 493 1140 ων
513 1072 621 1139 εἶπον
630 1069 771 1159 ἀρτίως,
814 1072 948 1153 δόξει
925 1098 1062 1154 υιιιστος
1087 1080 1245 1171 φθονφὸ

156 1174 266 1264 φοιυλή
282 1174 377 1263 παρὰ
397 1177 496 1241 πᾶσιν
515 1174 616 1250 εἶναι,
653 1175 705 1239 uui
733 1179 768 1239 et
788 1181 865 1241 aute
886 1165 932 1241 ὦν
952 1182 988 1241 et
1007 1178 1130 1245 antc'
1103 1200 1243 1261 υπιοτος

154 1286 190 1347 et
203 1294 309 1365 sequ„
330 1296 414 1364 quoe
435 1275 594 1343 τάναντία
614 1264 781 1362 explicent
802 1283 837 1343 et
859 1276 985 1361 singulo
1006 1296 1245 1373 enumerantur,

155 1400 222 1448 vox
244 1380 402 1467 paululum
424 1380 573 1465 quiescit.
615 1376 781 1444 Excusori
803 1376 931 1463 quidem
947 1386 1111 1465 poterunt,
1133 1384 1245 1451 umeri
1280 1372 1284 1379 ⁶

155 1500 220 1548 nou
242 1480 409 1568 probando
430 1498 508 1545 esse
530 1497 665 1557 censeo,
689 1498 773 1564 quoe
794 1474 892 1557 489,
918 1477 1004 1548 135.
1026 1481 1202 1567 leguntur:
1221 1484 1244 1552 ri

155 1580 280 1669 πονηρὰ
300 1578 540 1666 morticinorum
561 1578 643 1644 εἶναι
664 1580 836 1663 πρότερον,
877 1580 931 1646 nbi
951 1589 1030 1647 onte
1052 1582 1243 1653 Bekkerorit

153 1685 188 1749 in
208 1681 356 1749 omuibus
377 1681 467 1763 libris
490 1686 524 1747 et
544 1680 577 1745 in
599 1679 707 1743 Bekk.
730 1677 870 1746 FKstv.
893 1688 969 1766 post
989 1681 1116 1767 πονηρὰ
1141 1685 1243 1753 addi.

154 1791 207 1851 λιιι
234 1805 305 1857 τις,
348 1768 432 1868 quod
459 1801 526 1847 nou
546 1799 617 1847 cum
639 1779 794 1847 Bekkero
816 1780 988 1849 delendum
1008 1803 1089 1851 erse
1110 1804 1243 1855 ceuceu.

154 1881 376 1968 Corrigendus
397 1880 537 1967 denique
557 1883 621 1947 erit
642 1881 732 1947 iocus
756 1879 853 1963 595,
880 1883 968 1950 157.
1003 1884 1057 1952 ubi
1076 1887 1128 1953 in:
1156 1884 1243 1969 ὄννως

151 1985 196 2072 μή
216 1981 406 2069 γενήσονται
427 1987 461 2047 ολ
481 1983 551 2067 περὶ
571 1979 731 2060 ἀλλήλους
751 1979 850 2070 φόνοι
871 1985 992 2052 verbo:
1036 1992 1070 2075 qt
1089 1991 1163 2076 νιορλ
1184 1987 1246 2057 ἁλι·

152 2087 269 2167 λήλους
295 2082 392 2172 φόνοι
420 2083 594 2167 offendunt.
647 2081 848 2151 Schoeseros
875 2104 948 2153 eum
977 2089 1133 2155 rariorem
1163 2091 1245 2159 dicit

153 2186 426 2256 constructionem
455 2191 491 2251 et
519 2185 638 2250 librarii
666 2185 700 2251 in
722 2188 806 2273 Aug.
827 2186 853 2252 1
875 2189 951 2254 Pur.
974 2189 1001 2254 Ι.
1017 2209 1065 2256 ru.
1087 2187 1189 2278 φόνοι
1208 2192 1243 2259 in

151 2287 279 2378 φθόνοι
300 2293 515 2352 mutaverunt.
557 2283 717 2372 Equidem
738 2287 816 2353 ferri
839 2308 938 2375 posse
959 2308 1055 2376 nego.
1099 2292 1189 2359 Nam
1210 2298 1243 2360 ολ

151 2393 222 2478 ’περὶ
241 2386 401 2467 ἀλλήλους
421 2384 520 2474 φόνοι
541 2388 706 2472 singulare
727 2396 822 2456 esset
843 2390 979 2457 coedum
999 2411 1117 2482 genus,
1138 2402 1179 2461 ut
1197 2412 1241 2463 ox

136 2493 191 2559 ¹iis
203 2540 213 2580 ‚
254 2509 350 2577 quroe
363 2485 492 2581 (158)
529 2497 707 2575 sequuntur
735 2491 907 2577 εἴργεσθαι
933 2489 992 2556 τόν
1020 2489 1239 2581 ἀνδροφόνον,

148 2597 250 2681 potet,
271 2591 314 2657 de
335 2590 595 2657 intertectoribus
615 2589 775 2658 homiuum
797 2584 925 2657 omuino
947 2610 1130 2661 sermonem
1151 2614 1241 2663 eece·

123 2694 295 2785 'conjicio
316 2692 414 2776 igitur
436 2693 590 2778 scriptum
613 2693 735 2760 fuisse:
778 2697 848 2780 περὶ
876 2690 1034 2771 ἀλλήλους
1066 2700 1101 2760 οἱ
1131 2694 1241 2783 φόνοι.

150 2795 335 2862 Discrimen
356 2793 442 2860 idem
463 2795 527 2859 erit
548 2813 590 2860 uc
606 2795 641 2859 ὀἱ
658 2795 760 2861 diois:
782 2793 882 2860 drmit
894 2794 984 2860 nicht
998 2793 1051 2861 die
1066 2795 1240 2881 ΜοιιλλΙιο-Ι

149 2902 207 2962 teu
229 2901 324 2960 uuter
345 2893 504 2960 einander
523 2895 702 2974 voriullen‚
723 2902 758 2961 et
779 2896 809 2959 si
830 2893 928 2959 dicis.
950 2894 1051 2961 dumit
1072 2898 1164 2964 nicht
1185 2898 1239 2967 dic

148 2995 399 3082 gegeuseitigen
411 2993 621 3061 Mordthoteu
643 2993 749 3085 (quoue
769 2996 1110 3124 igiturueinguimum
1123 2998 1239 3067 coedi·

148 3099 210 3165 bus
230 3091 480 3184 discernentur)
502 3096 672 3162 vorioiteu

232 3199 270 3264 ln
287 3198 440 3283 oratione
460 3202 575 3263 contro
596 3197 765 3264 Midiom
787 3198 932 3263 evitatus
954 3204 1008 3265 cst
1022 3193 1239 3285 quiuemuu-

149 3307 203 3367 tus
224 3318 291 3366 non
312 3316 352 3364 eu
372 3316 469 3381 curo,
492 3317 555 3384 quo
576 3298 610 3364 iu
631 3299 690 3386 iis,
719 3299 761 3366 dc
782 3299 897 3384 quibus
918 3318 1019 3386 supro
1039 3302 1239 3369 mentionem

146 3398 304 3480 fecimus,
338 3401 454 3484 'nequo
496 3403 611 3465 tomen
647 3400 841 3486 opinandum
884 3405 937 3465 est
979 3399 1238 3471 Demosthenem

147 3503 275 3569 omuino
295 3502 329 3566 in
351 3500 414 3566 huc
435 3501 583 3567 oratione
604 3521 669 3569 nou
691 3503 733 3571 od
755 3502 876 3568 trintum
889 3503 1083 3569 attendisse.
1113 3504 1238 3590 Magn·

146 3606 232 3671 enim
253 3623 363 3669 eorum
385 3602 439 3688 qui
461 3603 557 3669 hodie
577 3602 863 3689 deprehenduntur
890 3623 968 3690 pons
995 3610 1053 3671 out
1081 3606 1237 3671 excusari

145 3714 203 3775 out
224 3726 287 3772 uon
316 3724 391 3772 roro
420 3705 529 3770 etiam·
547 3705 665 3789 corrigi
693 3712 814 3791 potest.
867 3705 976 3773 Veiuti
1007 3707 1037 3771 si
1067 3704 1166 3788 515,
1197 3704 1235 3773 2.

145 3807 248 3876 αὑτοῦ
270 3804 331 3872 οὐκ
351 3807 490 3884 ἐπείσθη
512 3803 583 3871 οὐδ’
608 3807 743 3891 iegitur,
786 3808 947 3874 vocciium
969 3826 1148 3875 concursus
1168 3826 1237 3874 uon

146 3908 297 3984 otioudit,
339 3906 414 3993 quio
442 3912 520 3993 pont
548 3904 651 3972 αὐτοῦ
678 3915 714 3974 et
743 3898 883 3987 ἐπείσθη
903 3928 1009 3994 pousu
1030 3913 1103 3985 est,
1147 3907 1237 3977 undo

145 4011 265 4079 Reisk.
278 4014 322 4081 ,et
343 4007 484 4096 Buttm,
510 4008 614 4077 oltero
635 4009 669 4075 in
691 4009 764 4075 loco
786 4009 883 4076 etium
905 4008 1023 4076 Meiere
1044 4009 1131 4075 iuter
1152 4009 1238 4077 λιιιοο
