2580 4514
161 297 222 368 ta.
243 299 297 367 bic
318 304 428 367 orator
448 299 611 368 vocalium
630 298 874 366 concursionem
895 299 1084 367 adhibuisse
1104 301 1272 385 videtur,-

158 410 195 469 ut
214 402 411 470 audientium
431 420 528 469 aures
549 399 696 485 graviter
716 400 840 475 feriret.
860 422 894 469 v.
917 403 1054 469 Reuter.
1076 403 1120 469 ari
1141 404 1176 471 lr.
1188 401 1247 497 i),

158 523 261 593 pausa
288 509 362 590 post
389 502 577 589 παρασκευῇ
605 502 726 582 statui,
767 510 843 588 post
870 503 955 591 qaod
984 503 1119 571 verbum
1146 506 1246 573 etiam

158 605 278 673 Reislr.
298 611 334 671 et
354 601 473 690 liiidig.
495 603 771 689 interpunxerunt.
798 604 868 671 Sed
890 606 1057 672 sententia
1078 605 1153 691 ipsa
1173 606 1246 672 ‹lis-

159 696 269 793 plic'et.
312 706 351 771 ln
372 705 412 768 iis
434 704 535 785 enim,
556 724 639 790 quac
661 705 880 792 antecedunt,
907 712 1018 799 orator
1038 706 1081 774 ue
1103 706 1245 793 diligen·

159 806 206 874 lio
237 806 469 893 estimatus,
512 822 575 891 qua
602 805 690 871 testa
718 812 917 891 apparentur
945 807 1043 873 multo
1071 811 1266 894 annonam.

159 909 240 975 stant
260 903 430 997 (πρόοιδεν
449 907 588 981 ἕκαστος
608 903 696 988 ὑμῶν
716 913 753 973 ἐκ
772 901 935 996 πολλοῦ),
962 908 995 973 in
1015 908 1058 973 iis
1079 927 1166 995 quae
1187 928 1243 975 se·

160 1015 300 1097 quantur
334 1015 448 1074 contra
477 1008 519 1074 de
545 1007 744 1092 negligentia
769 1014 823 1073 est
847 1008 1018 1087 dicturus,
1057 992 1124 1097 qua
1162 1010 1245 1077 bella

161 1116 369 1196 apparentur.
410 1109 486 1175 Non
506 1108 591 1174 satis
611 1113 688 1193 apto
708 1108 805 1192 igitur
834 1108 981 1174 diceturr
1012 1115 1047 1175 tr
1073 1120 1145 1189 τοῖς
1175 1113 1244 1197 περὶ

161 1212 221 1277 τοῦ
240 1212 381 1292 πολέμου
402 1210 459 1275 καὶ
479 1209 519 1292 τῇ
540 1205 658 1273 τούτου
678 1210 874 1295 παρασκευῇ.
919 1209 993 1275 Hoc
1021 1210 1108 1277 enim
1135 1216 1244 1289 esset:
1285 1252 1288 1275 ι

160 1312 194 1379 in
215 1312 315 1378 rebus
334 1310 407 1378 sive
429 1310 516 1375 curis
537 1307 579 1376 aul
601 1308 717 1375 bellum
745 1310 985 1394 pertinentibus
1012 1320 1048 1375 et
1075 1311 1110 1377 in
1137 1330 1245 1399 appa·

160 1420 235 1480 ratu
256 1414 338 1496 ejus.
381 1411 430 1476 At
450 1409 560 1476 dicere
582 1410 690 1496 potius
711 1408 858 1475 debebit:
888 1411 921 1477 in
944 1411 1043 1477 rebus
1063 1412 1139 1481 sive
1153 1414 1247 1481 „curis

161 1513 204 1581 aul
227 1514 344 1581 bellum
365 1514 502 1597 ejusque
523 1518 712 1597 apparatum
733 1513 987 1600 pertinentibus,
1028 1519 1065 1579 ut
1088 1516 1164 1599 περὶ
1191 1516 1247 1581 τσῦ

161 1618 304 1696 πολέμου
326 1614 511 1680 universam
531 1612 706 1698 notionem,
725 1611 786 1677 sed
807 1613 1005 1698 singularem
1025 1615 1093 1681 vim
1114 1614 1170 1681 liic
1189 1614 1248 1681 ba-

162 1718 240 1785 beat
260 1716 394 1782 verbum
414 1712 611 1801 rapotonem).
651 1712 730 1778 Non
750 1714 835 1778 enim
855 1713 989 1794 bellum,
1016 1714 1079 1781 serl
1105 1734 1249 1801 appare-

161 1824 229 1886 tum
251 1817 326 1883 belli
348 1815 470 1900 negligi
490 1812 627 1880 attirmat
648 1819 766 1880 orator.
809 1816 917 1883 Recte
938 1817 1038 1897 igitur
1067 1816 1168 1903 vulgo
1195 1817 1250 1897 tric

162 1915 280 1984 τούτου
301 1917 503 2000 παρασκευῆς
529 1915 709 2000 legebatur.
750 1916 862 1982 Minus
887 1917 985 1982 etiam
1014 1936 1086 1983 cum
1114 1916 1250 1985 Sellae-
1286 1908 1288 1913 ¹

163 2020 234 2087 lero
256 2017 425 2105 probabis,
459 2015 542 2102 quod
565 2017 693 2082 llorris.
716 2021 787 2102 περὶ
808 2024 885 2084 ante
907 2019 967 2083 rori
991 2020 1134 2101 πολέμου
1154 2016 1251 2085 omit·-
1281 2068 1288 2101 ,

163 2121 206 2187 tit
226 2137 333 2206 neque
355 2137 412 2204 pro
440 2116 559 2183 τούτου
589 2118 719 2185 exind.
749 2120 853 2186 Herv.
882 2118 1023 2204 recipies
1049 2113 1185 2183 τούτων.
1210 2154 1246 2169 -·

164 2221 284 2291 Hiatus
307 2218 427 2305 poterit
449 2217 546 2283 etiam
567 2219 721 2284 excusari
744 2216 814 2297 52,
836 2217 902 2284 43.
924 2219 958 2285 in
979 2215 1199 2311 verbisr-rriv
1218 2218 1251 2285 ul

164 2318 312 2400 τελευτὴν
334 2309 437 2385 οὖσαν
457 2317 517 2396 ἤδη
540 2313 615 2402 ὑπὲρ
636 2319 696 2383 τοῦ
715 2316 759 2400 μὴ
779 2319 904 2383 nobrio
923 2320 1033 2395 κακῶς
1053 2312 1116 2384 ὑπὸ
1135 2317 1251 2387 milan-

164 2444 237 2486 που.
301 2421 387 2483 Nam
415 2415 492 2502 ὑπὲρ
520 2427 680 2503 sequente
706 2418 866 2485 infinitivo
894 2418 1051 2503 negativo
1084 2420 1251 2489 eonsilium

104 2515 107 2521 ’
163 2526 259 2588 notat
280 2526 315 2585 et
337 2517 490 2606 studium,
510 2537 553 2585 nc
575 2518 648 2603 quid
672 2519 729 2586 liat
748 2517 807 2610 [v.
829 2518 937 2585 Brem.
958 2518 1001 2587 aul
1026 2519 1060 2586 la.
1076 2518 1131 2611 l),
1151 2522 1202 2591 ita
1220 2524 1253 2587 ut

165 2621 361 2689 sententiam
382 2619 578 2704 singularem
600 2619 700 2687 latine
721 2640 782 2707 per
803 2638 852 2686 nc
873 2639 944 2685 cum
966 2618 1174 2704 conjunctivo
1190 2640 1251 2689 ex„

165 2721 365 2810 primcudam
387 2720 531 2806 incipiat.
576 2719 691 2809 ltaque
716 2723 750 2788 in
779 2720 876 2787 simili
904 2720 975 2788 loco
1002 2721 1045 2789 de
1072 2720 1163 2789 Pace
1191 2719 1253 2803 ὅθ,

166 2822 212 2889 8.’
229 2831 307 2889 aute
336 2818 412 2905 ὑπὲρ
440 2841 462 2887 a
490 2820 628 2887 lleislrio
655 2823 892 2907 interpunctum
920 2840 999 2889 esse
1027 2819 1187 2913 videbis„
1213 2818 1252 2889 st

166 2922 285 2989 deiude
307 2918 358 2984 bb
370 2966 380 2999 ,
401 2917 465 2984 44
494 2931 555 2986 ποῖ
578 2910 637 2985 οὖν
664 2921 801 3008 legitur,
844 2922 907 2988 hoc
928 2942 1054 3009 quoque
1077 2922 1201 3007 poterit
1219 2924 1251 2989 ia

166 3020 323 3111 ejusmodi
344 3019 512 3115 particulis
538 3018 680 3101 defendi,
702 3042 773 3088 cum
794 3029 904 3090 tamen
920 3043 1034 3090 omncs
1047 3022 1253 3111 codd.prac·

166 3132 218 3191 ter
238 3123 286 3188 Σ.
307 3121 465 3206 simulque
487 3121 713 3206 Hermogenes
735 3131 771 3191 ct
793 3125 969 3210 Longinus,
991 3144 1073 3211 quos
1094 3123 1252 3193 lleiskiue

167 3223 357 3304 nominavit,
379 3231 439 3286 πσῑ
456 3218 495 3299 δὴ
516 3221 670 3312 habeant,
690 3231 783 3293 recte
804 3227 876 3312 ipsc
889 3211 1033 3293 Bekker.
1056 3230 1177 3309 postea
1197 3234 1253 3293 uui

168 3324 208 3405 δὴ
222 3324 365 3409 scripsit.
390 3321 462 3389 Vid.
478 3322 597 3409 Ridig.
618 3324 661 3390 ad
682 3326 716 3391 b.
737 3327 758 3391 Ι.
799 3328 876 3394 Non
896 3327 1046 3394 otlcndes
1067 3331 1178 3393 autem
1190 3324 1253 3415 ot,

170 3425 233 3492 50.
263 3427 296 3491 in
326 3411 362 3488 εὖ
389 3425 506 3489 sibenen
533 3445 640 3512 neque
669 3425 745 3507 53,
773 3426 836 3493 47.
867 3428 901 3495 iu
930 3424 1014 3494 ὥστε
1039 3421 1083 3509 μὴ
1110 3424 1251 3507 ἀκούσια,

168 3545 360 3614 quamquam
381 3526 423 3590 ibi
445 3525 479 3590 in
501 3527 576 3592 aliis
598 3532 632 3592 ct
653 3535 706 3593 sat
727 3528 836 3594 multis
858 3528 948 3594 libris
969 3547 1023 3614 ap.
1045 3525 1153 3593 Beklr.
1174 3528 1253 3595 ΥΩιι

168 3633 204 3693 et
224 3650 274 3712 γρ.
296 3626 335 3705 F,
358 3644 411 3711 ap.
432 3625 548 3692 Reisk.
564 3627 638 3693 Ald.
659 3627 758 3694 Harr.
779 3629 978 3714 nugulli.
999 3623 1046 3718 (a
1064 3645 1130 3693 rec.
1145 3622 1254 3719 man.)

169 3728 245 3795 Par.
267 3727 308 3791 V.
332 3727 408 3793 Vll.
431 3728 552 3795 Weim.
575 3728 674 3794 Voss.
696 3728 781 3795 Bau.
807 3730 841 3795 in
868 3751 910 3796 m.
943 3730 1081 3815 legiturt
1125 3726 1179 3793 ori·
1192 3726 1256 3817 grip

169 3824 340 3896 ἀκούσια-
355 3823 436 3911 ὁρᾱυ
462 3829 522 3894 δεῖ.
568 3826 660 3910 Quae
681 3828 808 3916 quidem
837 3832 1024 3897 sententiae
1045 3827 1255 3899 conformatio

170 3931 326 4014 originem
347 3929 388 3993 ab
409 3929 452 3994 iis
472 3927 592 3996 ducere
613 3924 762 4018 videtur,
782 3933 838 4017 qui
858 3933 891 3999 in
912 3935 1101 3999 uniuersum
1122 3938 1255 3999 seuten-

172 4030 248 4094 tiam
258 4027 417 4114 quandam
431 4046 475 4093 cx
485 4030 599 4105 uerbis
611 4029 845 4115 Demosthenis
856 4033 1153 4121 excel-pturieraut.
1167 4029 1258 4115 Qun
