2580 4514
566 247 725 308 ...14
803 281 843 292 ..

163 413 290 506 quidem
304 418 353 490 τίς
365 419 400 479 et
412 410 607 496 τολμήσειεν,
626 431 693 480 non
705 419 815 479 tumtm
831 408 944 490 αὑτοῦ,
958 403 1019 476 sed
1031 410 1152 493 αὐτων,
1166 413 1250 499 quod

130 514 134 536 ³
163 516 194 579 si
220 522 327 591 mutas
354 515 388 580 in
416 511 524 578 αὐτῶν
551 532 664 582 veram
690 514 849 580 isocratis
875 512 1011 580 habebis
1044 513 1250 605 scripturam.

168 615 229 691 Τίς
251 617 336 681 enim
357 615 601 681 collectivorum
621 616 781 682 rationem
807 613 969 700 sequitur,
995 613 1082 681 uude
1110 614 1146 679 id
1172 633 1248 682 sao·

161 716 235 800 pius
257 715 392 802 pluralis
413 715 805 802 numeruspronominum
826 714 960 802 excipit.
989 714 1247 784 vinniat'thiaet

63 851 65 855 ν
162 815 304 882 Gramm
326 837 376 901 gr.
399 814 539 904 §.432
552 822 621 883 not.
664 817 803 884 Praeter
816 816 1134 896 simillimumlocum,
1153 836 1245 907 quem

162 915 280 982 deiude
301 935 346 982 ex
367 925 450 985 orat.
472 917 515 986 de
533 919 623 984 Pace
643 920 786 1004 afferam,
806 918 1074 1004 potes'couierre
1099 918 1142 985 de
1159 919 1243 986 Pace

167 1014 257 1105 137,
279 1014 343 1085 93.
365 1017 419 1084 ubi
438 1044 487 1096 τις
507 1018 675 1106 praecedit
696 1023 731 1084 et
751 1008 797 1084 riu
818 1017 861 1083 ari
880 1017 958 1083 iliud
979 1018 1128 1113 refertur,
1151 1025 1245 1106 atquo

167 1114 841 1204 186,139.nbirtgo’rrupoiuuuanteoedit
854 1115 1244 1207 oiiruvipoiursequitur

247 1220 323 1286 Non
344 1219 491 1287 offendes
518 1215 591 1310 49,
612 1219 679 1288 45.
708 1221 743 1286 iu
772 1245 804 1286 τι
824 1226 875 1308 tu,
902 1219 988 1286 huno
1015 1219 1099 1286 cuim
1127 1221 1243 1287 hiatum
1265 1216 1273 1223 “

162 1318 344 1387 Isocratem
365 1321 539 1415 admisisse
561 1340 605 1390 ex
625 1321 771 1409 pluribus
791 1321 917 1409 patebit
938 1320 1121 1408 exemplu,
1164 1338 1246 1409 quae

163 1439 208 1488 en
229 1422 365 1508 singuiis
387 1422 585 1490 orationibus
606 1427 758 1509 afferam,
778 1422 840 1488 sed
862 1419 933 1511 61),
955 1418 1020 1488 97.
1042 1421 1075 1487 iu
1095 1424 1157 1488 καὶ
1174 1419 1250 1488 οὐδὲ

162 1520 217 1588 ubi
236 1521 424 1591 Diodornus
445 1520 540 1589 κούδὲ
561 1523 652 1590 dedit
673 1530 709 1590 et
728 1526 786 1590 aui
805 1529 862 1589 aut
892 1522 1064 1589 delendum
1092 1531 1149 1590 aut
1176 1543 1252 1592 cum

162 1623 229 1689 alia
255 1625 416 1710 particula
443 1623 627 1691 mutandum
655 1643 735 1692 esse
760 1627 912 1713 opinatus
941 1631 1005 1701 est.
1069 1623 1255 1712 Dionysius

162 1725 221 1789 ιιιιὶ
246 1726 324 1806 μηδὲ
350 1723 469 1814 habet,
496 1724 650 1791 Baiterus
671 1709 779 1793 eutem
804 1728 862 1792 καὶ
884 1723 957 1792 οὐδὲ
978 1724 1146 1814 defendit,
1172 1727 1258 1813 quia

162 1824 216 1890 hic
243 1824 351 1892 hiatus
373 1827 470 1893 etiam
497 1827 531 1893 iu
559 1827 633 1893 aliis
661 1827 743 1893 locis
771 1827 960 1913 reperiatur.
1016 1825 1090 1893 Hoc
1121 1828 1258 1915 quidem

162 1945 275 1993 verum
297 1933 360 2008 est,
387 1929 500 2014 negari
521 1933 629 1994 tamen
650 1929 761 2016 nequit
782 1930 949 1995 rarissime
971 1928 1004 1995 id
1025 1928 1107 1995 fieri.
1145 1928 1258 2013 Quum

163 2027 261 2112 igitur
281 2029 359 2110 μηδὲ
380 2035 517 2095 eatenus
539 2029 670 2096 defendi
691 2031 814 2120 possit,
839 2036 999 2120 qnatenus
1026 2029 1089 2095 loci
1110 2038 1253 2098 senten·-
1278 2062 1284 2093 f

165 2128 211 2194 tia
233 2136 301 2196 est:
324 2135 423 2196 etue
445 2129 506 2197 hoc
526 2131 655 2217 quidem
676 2133 718 2197 iis
739 2132 823 2197 satis
844 2132 948 2221 inisse
970 2134 1164 2220 censuerim,
1186 2128 1251 2199 sed

164 2230 320 2298 audacius
342 2232 439 2298 etiam
460 2232 536 2319 quid
560 2235 705 2299 conatmi
728 2234 892 2322 tuissent,
913 2233 943 2298 si
964 2234 1067 2300 ceteri
1087 2233 1120 2299 id
1143 2235 1247 2300 sivis-

162 2338 249 2422 sent,
268 2335 346 2416 μηδὲ
366 2354 431 2401 non
451 2335 692 2421 improbandum
714 2354 792 2402 csse
814 2336 908 2403 duco.
940 2335 1117 2400 Mutandus
1138 2340 1245 2401 tamen

163 2439 230 2500 tum
252 2436 350 2501 otium
371 2436 434 2502 erit
454 2437 544 2502 iocus
566 2439 598 2503 in
619 2437 792 2517 Antidosi,
834 2438 867 2502 in
896 2454 958 2522 quo
987 2435 1069 2501 hacc
1092 2443 1243 2510 snutre-

163 2537 275 2623 petita.
319 2537 427 2606 Minus
449 2539 574 2607 dubium
598 2546 651 2606 est
672 2541 749 2628 quin
771 2538 835 2628 ὅθ,
856 2535 922 2606 48.
945 2558 1003 2624 pro
1026 2543 1105 2603 cett.
1127 2544 1186 2605 καὶ
1199 2535 1244 2607 ὅτι

165 2656 208 2705 ex
238 2639 316 2709 Urb.
343 2643 493 2710 Ambros.
524 2649 558 2709 et
587 2643 708 2711 Victor.
726 2663 809 2710 cum
837 2640 1006 2707 Diodorfio
1038 2647 1072 2706 et
1102 2639 1243 2731 Baitero,

165 2740 280 2827 quibus
301 2763 403 2828 nuper
424 2745 579 2815 Baiterus
603 2757 635 2810 et
657 2743 824 2830 Sauppius
846 2750 1071 2830 accesserunt,
1091 2746 1148 2808 καὶ
1164 2742 1244 2810 διότι

163 2842 381 2928 recipiendum
403 2846 457 2910 sit.
502 2845 607 2912 Recte
629 2847 713 2911 enim
737 2844 892 2910 Baitcrus
923 2845 967 2911 ad
993 2843 1026 2910 h.
1053 2843 1075 2907 l.
1106 2845 1245 2933 scripsit,
1267 2830 1271 2837 ¹

87 2956 94 2969 ²
162 2941 340 3009 Isocratem
360 2943 469 3010 hiatus
492 2946 637 3012 evitandi
659 2963 759 3010 causa
785 2944 837 3010 hic
865 2945 931 3009 illic
957 2941 1041 3008 διότι
1070 2962 1245 3031 usurpasse

131 3078 137 3092 ·
162 3038 278 3109 uideri.
322 3041 448 3112 Similia
469 3052 576 3113 cutem
596 3046 678 3112 vitiu
698 3046 733 3109 in
746 3044 949 3131 Panegyrico
971 3044 1162 3130 legebantur
1185 3045 1247 3134 71),
1282 3082 1284 3099 =

165 3139 254 3209 145.
278 3145 331 3212 ubi
352 3146 515 3232 vulgatum
535 3149 592 3214 xci
614 3143 687 3212 οὐδὲ
708 3163 750 3210 ex
771 3144 848 3211 Urb.
870 3145 982 3211 Ambr.
1005 3145 1128 3211 Victor.
1141 3147 1177 3212 iu
1191 3150 1247 3213 nui

162 3242 226 3326 μὴν
248 3243 321 3312 οὐδὲ
342 3256 376 3313 et
399 3245 471 3338 78,
497 3247 584 3316 181.
614 3246 668 3313 ubi
688 3245 814 3332 vulgat.
835 3234 881 3310 ὧν
901 3248 958 3311 καὶ
985 3242 1078 3326 ἄξιοι
1106 3266 1149 3313 ex
1171 3248 1250 3316 Uri.

165 3350 201 3412 et
218 3346 328 3414 Ambr.
352 3346 385 3414 iu
407 3339 452 3415 ὧν
472 3347 566 3429 ἄξιοι
586 3355 641 3415 est
668 3354 823 3415 mutatum
853 3351 887 3414 et
909 3343 978 3434 58,
1000 3344 1064 3412 63.
1095 3346 1148 3427 ubi
1170 3358 1247 3417 ante

165 3445 356 3536 Augerium‚
384 3450 528 3529 Morum,
555 3450 715 3535 Largium
745 3455 778 3515 et
806 3453 883 3515 cett.
906 3448 981 3514 edd.
1003 3449 1247 3528 actitarentur

163 3546 352 3638 legebatur,
373 3550 414 3617 ab
428 3549 481 3617 uis
497 3556 604 3616 autem
618 3550 721 3637 etqui
733 3549 853 3616 deinde
867 3556 941 3616 suut
954 3549 1059 3616 secuti
1077 3569 1121 3615 ex
1135 3551 1248 3618 Antii

164 3655 200 3714 et
222 3650 331 3735 optim.
349 3649 453 3718 cond.
475 3653 532 3717 ιιιιὶ
550 3647 609 3728 coir
624 3657 733 3716 ὲιιιειιι.
747 3657 799 3716 est
811 3650 944 3716 editum.

247 3750 288 3815 In
316 3753 462 3818 oratione
488 3752 531 3819 ad
552 3752 786 3838 Philippum
817 3753 941 3838 scripta
962 3751 1044 3818 hacc
1069 3749 1174 3818 adhuc
1192 3772 1246 3820 re-

164 3855 255 3918 stant
271 3852 366 3920 vitia:
389 3848 453 3942 99,
464 3849 531 3920 49.
544 3855 579 3918 δὲ
597 3851 688 3919 οὐδὲν
702 3858 736 3918 et
751 3849 814 3934 93,
833 3851 940 3919 5391
952 3849 1090 3940 ὁμόροις,
1114 3851 1167 3918 ubi
1177 3855 1246 3936 jam
1282 3850 1284 3857 ¹

165 3954 287 4040 antiqui
306 3954 380 4020 libri
393 3954 480 4040 Hog.
495 3955 595 4020 Basil.
610 3954 710 4021 Wolf.
722 3954 814 4021 Batt.
832 3951 861 4018 δ’
882 3950 1032 4040 ὁμόροις,
1055 3953 1142 4019 Med.
1163 3973 1246 4022 cou-

164 4051 416 4137 1ιιιδὲμὸιοις,
437 4056 585 4142 Longius
609 4062 645 4122 et
667 4053 792 4121 Coraes
818 4057 926 4120 autem
948 4073 1019 4120 cum
1036 4053 1191 4121 Bckkero
1213 4056 1247 4122 a

163 4150 215 4238 ὁμ.
235 4155 371 4248 habent,
393 4156 479 4245 quod
500 4174 604 4245 nuper
622 4151 710 4224 Bait.
732 4152 904 4244 etSaupp.
926 4174 970 4223 ex
984 4153 1136 4223 Ambros.
1157 4155 1192 4222 in
1213 4150 1257 4221 δ”
