2580 4514
437 132 773 198 ,331-

88 297 236 384 πράξεώς
256 323 343 389 τινος
364 298 382 376 ἢ
404 298 501 376 τύχης
522 296 542 371 ἢ
562 299 648 376 ideae
670 295 689 375 ἢ
711 295 825 382 αρετῆς
840 296 1015 379 ἀνώνυμον,
1037 294 1178 385 πράξεως

88 403 149 481 μεν
170 396 230 465 τὸν
251 399 447 482 Σωτηρακ.
470 422 498 461 τ.
522 401 550 464 λ.
597 396 757 484 Equidem
782 398 881 463 multu
909 399 1025 465 laniati
1053 398 1180 463 medela

89 502 197 568 lucum
219 501 266 567 ita
288 499 474 581 sanandum
488 518 565 565 esse
587 499 669 563 duca
691 506 726 564 ut
747 499 925 564 scribatur:
959 499 1005 582 τῷ
1027 499 1061 564 dd
1081 502 1182 584 τρίτη

91 598 237 686 πράξεώς
257 623 344 676 τινος
364 596 497 684 ὕστερον
518 595 683 686 ἐχρήσανί
709 595 728 676 ἢ
750 595 856 676 τύχης.
911 597 993 679 Quia
1015 598 1099 665 enim
1121 619 1180 666 su-

92 720 153 787 pra
178 700 329 782 dixerat,
351 688 556 765 Coriolanum
576 717 693 765 numen
715 717 734 768 a
757 701 899 767 facinore
919 699 1071 776 duxisse,
1091 718 1181 764 uuna

92 804 127 868 iu
150 803 336 867 uuiversum
358 799 399 864 de
421 800 482 866 hoa
504 800 750 877 tertiinominis
780 820 841 866 usu
870 793 1033 884 quaedam
1057 801 1182 886 profert

92 901 192 988 idque
220 903 266 967 ita
298 907 333 965 ut
362 899 620 984 breviloquentia
650 899 786 985 quadam
816 917 841 964 ε’
864 898 1038 970 Coriolana
1071 900 1182 966 statim

92 1001 141 1068 ad=
158 1002 324 1067 Romanus
346 1018 457 1080 omues
486 1006 634 1065 trauseat
664 1007 698 1064 et
726 997 905 1066 decorum
936 1021 996 1067 usu
1026 1001 1180 1087 disputet.
1219 1042 1222 1053 2

94 1099 133 1169 C.
156 1100 263 1167 xvu.
288 1097 379 1188 aaa.
403 1099 434 1163 d.
459 1119 478 1165 e
500 1102 684 1182 ‹ruujeutura
706 1082 799 1184 quam
815 1099 850 1166 C.
873 1101 1064 1168 confirmare
1085 1100 1181 1168 vide-

95 1210 167 1279 tur,
190 1199 389 1269 Schaeferus
413 1200 524 1273 edidit,
537 1200 649 1282 ὀλίγου
670 1201 796 1278 ἐδέησεν
819 1221 877 1285 pro
899 1208 978 1266 cett.
1001 1199 1116 1283 ὀλίγον
1138 1204 1183 1265 εδ.

94 1305 143 1368 At
176 1301 369 1367 Plutarchus
398 1307 563 1385 utrumque
598 1301 725 1366 dixisse
754 1301 828 1385 ipse
856 1300 990 1367 Schaei.
1016 1303 1055 1365 Τ.
1083 1301 1122 1366 V‘.
1148 1323 1180 1387 p.
1230 1356 1233 1365 ,

98 1401 188 1467 103.
210 1403 340 1476 fatetur,
360 1401 405 1465 ita
427 1408 462 1464 ut
483 1391 695 1467 Sintenisium
718 1399 829 1482 ὀλίγον
851 1402 1046 1466 retinentem
1067 1401 1181 1468 lauda-

93 1508 187 1568 turus
210 1503 269 1566 sis.
313 1499 351 1566 G.
374 1501 463 1566 ΧΧΙ.
487 1498 577 1566 aad.
599 1521 628 1567 a.
650 1503 681 1569 iu
705 1502 835 1569 verbis:
853 1498 995 1583 Ἡμέρας
1016 1498 1043 1566 δ’
1068 1499 1181 1584 ὀλίγας

93 1606 128 1666 ἔν
149 1626 235 1666 τισιν
255 1602 370 1686 σἰγροῖς
391 1599 489 1676 αὐτὸς
510 1599 596 1666 καθ’
621 1601 739 1667 ἑαυτὸν
760 1599 822 1666 ὑπὸ
847 1603 973 1671 πολλῶν
1002 1603 1180 1679 διενεχθεὶς

94 1705 272 1785 λογισμῶν,
318 1704 408 1779 οἵους
434 1698 452 1766 ὁ
480 1700 589 1780 θυμὸς
621 1699 817 1791 ὑπέβαλλεν,
858 1700 900 1778 ὠς
922 1699 990 1767 οὔτ’
1015 1707 1060 1776 εἰς
1080 1700 1182 1767 καλὸν

94 1803 169 1868 οὔτε
190 1810 355 1890 συμφέρον
378 1801 483 1880 οὐδὲν,
504 1799 576 1867 ἀλλ’
602 1800 621 1879 ἢ
643 1799 876 1885 τὰῬωμαίους
895 1803 1084 1885 μετελθεῖν,
1112 1808 1181 1882 ἐγί-

94 1928 197 1970 νωσκε
218 1901 357 1986 πολεμόυ
379 1900 576 1988 τιναβαρύν
597 1906 654 1968 καὶ
682 1899 804 1986 ὅμορον
830 1900 1013 1981 ἀναστῆσαι
1041 1901 1089 1969 ἐπ’
1121 1902 1181 1968 αὐ-

94 2003 181 2082 τούς.
219 2002 376 2093 Ὥρμησεν
398 1995 455 2070 οὖν
476 2029 506 2070 κ.
530 2029 556 2068 τ.
579 2007 606 2069 λ.
653 1999 1183 2094 Reiskiusaiut'(pruui<;q110d

97 2107 230 2173 Vuicub.
253 2113 287 2171 et
304 2105 377 2196 uod.
399 2103 440 2168 D.
469 2102 562 2194 hab.)
591 2103 662 2170 οὔτ’
688 2111 733 2182 εἰς
759 2107 881 2172 vitiosa
909 2111 1024 2171 censet
1051 2104 1182 2190 legique

96 2207 186 2274 vuit:
229 2203 394 2288 ὠσάμενος
423 2226 544 2273 εοεαε
573 2214 617 2284 είς
645 2205 763 2285 καλὸν,
807 2212 843 2270 ut
863 2203 906 2271 ad
926 2203 1037 2286 θυμὸς
1057 2204 1182 2273 redeat.

94 2297 297 2380 Schaeferus
319 2310 432 2371 eontra
454 2307 620 2394 vulgatum
643 2303 722 2373 ὥστ’
747 2305 927 2371 defendens
949 2305 1083 2370 verbum
1104 2303 1184 2370 ὑπέ-

94 2410 215 2493 βαλλεν
236 2427 278 2472 ex
301 2405 472 2473 antecedd.
496 2408 614 2494 repetit
636 2410 789 2472 vertensz
817 2404 957 2490 qualia
979 2405 1183 2486 suineie·

97 2511 167 2575 bat
189 2509 257 2586 ira,
280 2506 680 2594 proindequeneque
702 2507 882 2573 honesta
900 2523 1032 2590 neque
1050 2507 1186 2586 utilia,
1261 2540 1264 2545 ·

97 2609 176 2677 sed
210 2609 604 2675 soiamviudictam
635 2607 856 2693 spirantia.
899 2602 1059 2690 Equidem
1080 2606 1186 2691 verba

98 2713 146 2776 iia
174 2716 286 2798 struo:
328 2705 404 2774 ὥστ’
432 2706 500 2773 οὔτ’
527 2715 571 2784 είς
592 2705 695 2773 καλὸν
716 2704 789 2772 οὔτε
811 2702 904 2796 (seii.
927 2699 993 2792 εἰς)
1021 2702 1187 2791 συμφερὸν

97 2809 207 2898 οὐδὲν,
251 2807 325 2874 ἀλλ’
350 2807 369 2886 ἢ
391 2808 429 2873 τὸ
448 2807 625 2890 Ῥωμαίους
642 2809 813 2890 μετελθεῖν
833 2811 1004 2892 ἐγίνωσκε,
1046 2802 1185 2887 ηολεμὸν

96 2934 172 2975 τινα
202 2907 305 2995 βαρὺν
332 2911 387 2972 καὶ
418 2904 537 2994 ὅμορον
568 2906 755 2987 ἀναστήσας
785 2905 833 2972 ἐπ’
861 2902 998 2984 αὐτοὺς,
1022 2902 1186 2991 ’ὥρμησεν

98 3001 174 3089 οὖν,
198 3029 238 3074 ea
260 3009 294 3073 vi
318 3013 351 3072 ut
374 3009 438 3072 sit:
474 3016 508 3073 ut
530 3008 699 3095 nequead
723 3009 892 3074 honestum
913 3025 1019 3092 neque
1041 3006 1082 3073 ad
1106 3003 1184 3073 utile
1237 3016 1240 3026 ‘

97 3110 270 3198 quidquam
293 3109 355 3173 uisi
367 3109 546 3175 vindictam
561 3108 603 3174 de
615 3109 771 3174 Romanis
783 3125 912 3174 sumere
926 3107 1027 3172 veliet
1049 3103 1196 3196 (propa
1244 3122 1249 3151 ¹

96 3205 344 3297 cognosceret).
389 3210 569 3274 Nostrum:
598 3210 678 3275 dass
709 3207 881 3275 er'weder
903 3228 961 3274 aar
982 3205 1074 3275 Ehre
1103 3208 1187 3274 noch

96 3332 171 3377 zum
194 3309 341 3375 Vortheii
364 3316 472 3376 etwas
493 3309 644 3391 auderes,
665 3310 715 3377 als
737 3310 807 3375 sich
829 3328 871 3374 au
894 3308 959 3374 deu
981 3310 1124 3375 Rdmeru
1146 3330 1187 3375 uu
1246 3328 1252 3336 “

98 3411 241 3498 reuben,
269 3411 418 3499 kanute3
461 3411 572 3478 iudem
599 3432 635 3477 er
665 3412 761 3476 einen
790 3410 965 3476 schweren
987 3408 1051 3475 trud
1079 3409 1187 3476 nahem

98 3512 207 3596 Krieg
227 3529 334 3595 gagen
356 3512 406 3577 sie
428 3511 540 3589 ethai,
562 3509 697 3577 wandte
719 3531 756 3576 er
778 3511 848 3577 siuh
870 3531 935 3576 uuu
957 3531 987 3574 u.
1009 3530 1037 3574 s.
1063 3531 1104 3574 w.
1134 3509 1195 3576 De.

97 3612 237 3679 articula
266 3600 324 3675 οὖν
354 3611 537 3698 postposita
566 3611 608 3676 cs.
636 3609 760 3676 Herod.
784 3612 819 3696 1,
850 3607 938 3674 144.
983 3607 1020 3675 C.
1044 3609 1189 3695 xxxu,

98 3712 194 3780 228.
207 3713 229 3777 s.
251 3713 285 3777 iu
307 3699 434 3778 verbis:
457 3707 529 3776 ὅσοι
550 3707 614 3799 γὰρ
635 3699 719 3788 ἦσαν
740 3716 833 3797 ἱερεῖς
854 3711 944 3775 θεῶν
965 3706 985 3788 ἢ
1005 3714 1188 3794 μυστηρίων

97 3813 272 3899 ὀργιασταὶ
300 3810 319 3890 ἢ
349 3809 491 3897 φύλακες
519 3811 628 3876 hiatus
650 3810 778 3898 quidem
798 3799 875 3877 aute
902 3807 922 3888 ἢ
950 3811 1056 3875 minua
1084 3809 1198 3875 maie--

97 3923 173 3984 stus
197 3921 272 3995 est,
291 3915 364 3996 jure
394 3919 508 3978 tamen.
523 3912 682 3978 Reiskius
707 3911 841 3978 offendit
870 3913 901 3975 in
925 3909 1025 3976 verbi)
1048 3906 1189 3996 φύλακες

98 4018 150 4088 sie
182 4014 269 4081 uude
298 4016 421 4101 positu,
452 4020 628 4100 censetque
658 4014 756 4098 igitur
779 4019 835 4079 aut
864 4011 1021 4095 μαντειῶν
1050 4011 1192 4103 ἰαλεερο.
