2580 4514
562 130 834 195 -rae-

155 301 293 368 Reiskio
316 318 335 365 e
356 299 543 382 conjectura
564 304 619 363 est
639 296 780 376 additus,
801 295 862 371 sed
885 294 985 362 etiam
1006 293 1041 361 in
1060 294 1158 363 initio
1177 299 1242 383 aal-

156 426 205 477 σις
227 401 301 466 sine
322 399 456 465 articulo
479 399 606 482 legitur,
629 404 682 464 est
704 402 865 463 nostrum:
887 397 962 463 eine
983 395 1242 483 Entseheidnng.

156 503 274 587 Neque
296 500 399 584 magis
422 499 619 585 probandum
641 505 712 577 est,
748 497 831 584 quod
854 496 962 562 Bekk.
985 496 1099 565 etod.
1123 497 1168 563 A·
1188 496 1244 577 ἤδη

157 600 222 667 ἀπὸ
245 621 304 687 pro
326 601 460 685 vulgato
489 598 585 679 ἢὸιὰ
613 601 749 686 recepit.
796 598 933 665 Videtur
961 598 1072 685 potins
1099 595 1164 676 ἢδη
1192 594 1245 663 ab

156 701 361 768 scribendum
383 718 479 766 esse:
518 705 624 785 ‚dam
656 721 726 785 per
754 718 816 779 ea,
849 703 1075 785 quaesunt
1102 696 1245 765 dieta·“

104 864 108 871 u
157 803 253 867 Haeo
273 807 382 866 autem
402 801 476 887 ipsa
498 802 580 866 ratio
608 810 681 866 erat
711 801 922 886 scriptorum,
961 799 1109 885 inprimis
1134 805 1246 867 orate

158 923 227 984 rum
249 903 407 968 seriorum
430 898 571 991 [Dionis
593 898 837 987 Chrysostomi‚
863 899 1023 965 Aristidis
1044 905 1081 965 et
1101 893 1170 989 al.)
1190 899 1246 987 -qni

158 1004 281 1068 hiatum
302 1002 428 1088 quidem
451 1002 639 1082 evitabant,
683 1002 743 1068 sed
774 1002 877 1066 minus
898 999 1073 1083 diligenter
1092 1000 1128 1065 in
1150 1018 1194 1067 ea
1212 1018 1248 1067 re

158 1105 387 1170 versabantur.
430 1103 526 1168 Unde
548 1122 618 1168 eum
635 1103 752 1167 Fossio
773 1102 857 1167 facio
878 1101 965 1166 hane
986 1101 1168 1167 orationem
1188 1118 1249 1169 non

159 1222 244 1270 esse
259 1203 403 1288 Gorgiae
424 1203 444 1266 l.
465 1203 484 1266 l.
507 1201 692 1268 78-105.
708 1201 886 1287 judicante.

245 1302 353 1369 Aliter
367 1307 475 1368 tamen
492 1322 547 1368 res
561 1304 658 1369 habet
671 1305 705 1368 in
718 1305 749 1368 H
761 1305 908 1370 elenae
929 1301 1196 1383 laudatione,
1214 1301 1248 1367 in

160 1424 222 1490 qua
245 1403 352 1470 hiatus
373 1404 474 1469 multo
497 1405 601 1470 minos
622 1411 675 1469 est
696 1405 850 1470 evitatus.
895 1404 1010 1470 Habes
1024 1401 1069 1466 ihi
1079 1398 1145 1467 99.
1159 1405 1249 1469 tant·

160 1529 218 1569 νου
240 1499 349 1594 [vulg.
370 1499 530 1592 ἐπαίνων)
543 1509 672 1587 ’ἐπαίνῳ
693 1541 726 1551 -
742 1501 845 1568 αὐτοῦ
866 1501 1123 1591 ἀνδρὸς-εἶναι
1143 1501 1249 1585 ἔδοξεν

161 1602 314 1690 -φάναι
335 1601 495 1686 ἠλέγχθη.
519 1601 582 1669 93.
605 1611 757 1686 γενομένη
778 1609 861 1682 ἔσχε.
884 1601 947 1670 94.
970 1609 1165 1691 ψηφίσματι
1186 1602 1248 1695 [Α.

161 1706 200 1768 B.
224 1699 457 1794 ψηφινμνισιν)
486 1703 720 1792 ἔπραξεν-βίᾳ
747 1701 1097 1794 detonderunt-tonate
1122 1703 1250 1773 &aare

161 1801 267 1895 (plur.
291 1803 383 1872 codd.
407 1801 491 1895 om.)
513 1807 734 1888 -νιίνιᾶσθνιι
755 1802 1017 1890 ὁ-νιρομηθειην
1037 1802 1248 1873 ἀδύνατον-

162 1909 221 1991 βιή
251 1902 709 1993 ἡρπάσθη-ἀπολύσασθαι
741 1896 811 1970 ὦδε.
842 1903 907 1969 95.
938 1908 1061 1989 ἐπῳδαὶ
1087 1908 1251 1990 ἐπαγωγνὶ

162 2004 277 2085 ἡδονῆς
299 2004 408 2097 (vulg.
431 2009 489 2087 μὲν
510 2001 740 2094 interponunt)
748 2015 900 2085 -τέχννιι
920 2003 1081 2091 εὕρηνται.
1107 2003 1175 2081 96.
1194 2006 1251 2092 βίᾳ

162 2105 320 2194 ἡρπάσθη
354 2104 447 2197 (eod.
480 2106 520 2171 Ε.
549 2102 722 2195 παρῆλθε)
736 2145 762 2158 ‹—
784 2112 893 2172 καίτοι
920 2111 950 2171 ol
974 2103 1102 2189 ἀνάγκη
1128 2104 1251 2183 ὄνειδος

163 2204 279 2298 [codd.
304 2209 444 2274 nonnull.
466 2209 523 2289 μὲν
544 2213 620 2294 post
641 2205 767 2288 ἀννηνὴ
789 2206 944 2293 addunt).
969 2205 1033 2272 98.
1061 2203 1151 2289 λόγῳ
1173 2211 1253 2273 ὲκεί-

164 2309 284 2386 ool]—
290 2317 455 2390 γεγονέναι
470 2305 533 2397 (H.
550 2309 606 2374 W·
621 2304 707 2397 om.)
719 2305 898 2392 ἁμαρτίας.
922 2303 986 2372 99.
1009 2304 1174 2373 θεάσεται
1194 2304 1253 2401 (G.

164 2405 349 2499 θεάσαιτο)
372 2406 400 2486 ἡ.
427 2407 514 2474 101.
537 2410 596 2493 βίᾳ
617 2405 831 2492 domonstraret
853 2403 965 2496 (vulg.
989 2406 1074 2492 om.)
1086 2406 1253 2492 -μώμου

165 2507 306 2574 ἀδικίαν.
351 2509 423 2574 liae
446 2509 572 2594 quidem
594 2510 627 2573 in
649 2527 687 2573 re
709 2508 791 2573 haee
814 2509 917 2573 oratio
947 2508 1064 2572 similis
1092 2514 1149 2574 est
1177 2528 1254 2575 νηι-Ι

56 2599 65 2611 ‘
165 2612 244 2676 tioni
267 2610 411 2688 funebri,
445 2612 535 2692 eujus
557 2609 769 2693 fragmentum
793 2609 886 2674 nobis
908 2607 1253 2695 ests-servatumned

165 2711 264 2777 etiam
285 2711 320 2775 in
342 2711 578 2776 sententiarum
606 2711 859 2775 conformatione
886 2707 1063 2794 figurisque
1089 2728 1176 2796 qnae
1202 2710 1253 2777 dt

167 2820 282 2878 cuntur
316 2812 491 2899 orationis,
520 2829 638 2894 magna
660 2816 713 2874 est
734 2808 922 2887 similitudo,
956 2811 1003 2876 ita
1024 2817 1058 2877 ot
1079 2809 1144 2875 hoe
1165 2817 1254 2877 eante

166 2912 441 2990 confirmaverim,
485 2911 515 2974 ai
543 2909 685 2994 Gorgias
721 2912 933 2994 fragmentum
968 2909 1046 2976 illud
1071 2910 1256 2997 *scripserit

167 3031 232 3078 non
253 3030 331 3077 esse
354 3028 410 3074 eur
431 3009 481 3075 de·
495 3017 628 3075 auctore
651 3009 745 3094 hujus
767 3013 922 3077 orationis
944 3011 1119 3077 dubitetur.
1168 3013 1254 3079 llos.

168 3113 238 3177 sius
260 3111 385 3197 quidem
406 3132 439 3196 p.
467 3109 542 3175 too
567 3116 601 3174 et
626 3109 712 3176 106.
736 3112 920 3177 desiderari
941 3111 988 3176 ait
1015 3112 1050 3176 in
1077 3130 1119 3178 ea
1143 3113 1254 3198 poiti-

168 3205 239 3278 o'nm
261 3212 419 3277 orationis
441 3211 580 3277 colorem
601 3219 635 3277 et
657 3212 786 3279 dicendi
808 3213 967 3279 rationem
988 3212 1199 3297 splendidam
1223 3218 1256 3281 et

166 3330 301 3397 gravem
324 3319 422 3399 atque
444 3311 659 3398 dithyrambis
681 3313 766 3378 haud
796 3314 945 3378 alienam.
989 3313 1037 3378 At
1065 3314 1174 3399 qualis
1205 3321 1256 3383 eat

166 3413 315 3499 poitieus
337 3413 425 3478 eolor
447 3417 481 3478 in
502 3415 681 3498 fragmento
703 3415 769 3490 illo,
793 3414 869 3478 talis
892 3420 944 3479 est
965 3416 1000 3478 in
1022 3414 1085 3479 hae
1098 3416 1255 3483 oratione.

166 3513 252 3579 Vide
274 3514 425 3599 exempla
446 3534 467 3579 a
488 3513 710 3580 Schoenborn.
733 3514 775 3579 de
796 3514 965 3580 authentia
986 3515 1257 3583 declamationum

167 3631 250 3699 qnae
279 3610 423 3698 Gorgiae
450 3616 602 3693 Leontini
630 3617 758 3693 nomine
793 3621 943 3696 exstant,
976 3616 1117 3681 dissert..
1140 3612 1255 3683 1826.

166 3735 199 3799 p.
222 3711 274 3778 ab
297 3721 332 3779 et
356 3714 419 3779 30.
442 3716 550 3801 allata.
595 3713 687 3796 Quae
708 3715 908 3800 Spengelius
930 3717 952 3781 l.
971 3712 990 3780 l.
1014 3737 1046 3802 p.
1064 3714 1116 3780 73
1139 3723 1175 3784 ot
1197 3714 1258 3783 ⁷4

166 3814 208 3880 de
229 3815 291 3879 hae
312 3832 349 3879 re
370 3814 566 3900 disputavit,
586 3817 740 3899 graviora
762 3816 889 3901 quidem
913 3836 990 3882 esse
1012 3817 1176 3896 videntur,
1199 3816 1258 3885 aed

55 3926 60 3935 ·
167 3933 233 3979 non
255 3932 306 3991 ea,
329 3914 444 4000 quibus
466 3935 522 3981 res
537 3917 644 4002 possit
665 3916 803 4001 probari.
846 3918 976 3982 Minime
992 3919 1076 3983 enim
1089 3917 1258 3987 boemiae

166 4014 200 4080 in
221 4018 300 4079 orat.
324 4013 368 4080 de
389 4015 538 4085 Helenae
558 4016 643 4083 laud.
667 4015 821 4104 Gorgiam
842 4018 991 4085 maximis
1013 4019 1156 4086 oonoidit
1178 4038 1259 4089 eon-
