2580 4514
564 112 945 179 -fflssa'

161 302 260 370 supru
279 282 388 351 allatis
409 288 520 370 potest
540 282 687 369 intelligi.
733 280 786 347 lle
813 279 982 347 Thebanis
1009 278 1248 349 demonstravit

159 383 244 450 idern
265 383 435 470 Kritgerus
456 383 498 450 ud
519 381 657 470 Dionys.
680 383 806 450 Histor.
826 402 859 468 p.
880 376 974 447 469.
1010 380 1176 447 Reiokiris
1195 388 1247 449 to·

159 504 248 572 men,
270 486 323 572 qui
344 485 449 552 verba
469 470 636 566 defendit,
659 484 692 549 in
713 502 753 549 eo
775 482 916 563 erravit,
939 482 1024 568 quod
1045 480 1166 553 dixitr.
1192 484 1245 561 ’τῆς

158 583 205 673 ὀμ.
225 609 255 651 κ.
276 588 362 652 δεον.
385 586 473 652 idem
494 604 572 651 esse
593 591 691 670 utque
712 581 800 649 κατὰ
820 580 878 661 τὴν
900 580 1094 669 ὀλιγαρχίαν
1113 585 1175 650 καὶ
1195 584 1242 649 δο-

157 692 312 752 σντοτείαν
333 687 353 751 i.
370 704 399 751 e.
411 705 471 773 per
484 704 568 772 quoe
589 686 698 770 magni
719 686 766 750 illi
787 689 863 750 sunt
883 686 1011 750 ratione
1032 684 1243 772 olignrclnioc,

156 805 228 853 oum
250 785 424 872 ὀλιγαρχια
445 795 480 853 et
501 789 670 851 δεσποτεία
691 786 799 872 potius
819 786 862 853 de
884 784 1072 852 civitatibus
1093 787 1181 873 ipsis
1192 786 1243 853 ‹li-

156 894 264 964 cetur,
288 890 333 952 uti
355 888 505 973 explicui.
546 884 716 973 Kriigerus
736 893 862 973 nutem,
882 887 937 973 qui
957 887 979 952 l.
1001 886 1055 952 nil.
1076 886 1243 971 genitivos

154 1007 216 1074 per
237 980 441 1072 epexegesin
462 989 634 1054 verborum
656 987 700 1053 δι’
723 979 768 1054 ὦν
790 988 960 1073 explicuit,
987 994 1152 1055 oratorem
1183 1006 1243 1055 so-

155 1089 200 1152 tis
221 1095 370 1153 contorte
391 1088 529 1154 locutum
552 1108 629 1157 esse
651 1091 778 1157 statuit.
800 1088 900 1174 477,
921 1084 985 1154 68.
1005 1089 1040 1153 in
1061 1088 1195 1155 vertier
1214 1094 1243 1154 τὶ

153 1184 210 1272 ἄρ’
233 1186 328 1267 ἄξιον
349 1197 665 1273 καταμεμψαμένους
686 1187 706 1269 ἢ
726 1188 783 1255 τὸν
804 1189 909 1273 ἄνδρα
929 1186 948 1268 ἢ
970 1186 1014 1255 τὰ
1033 1198 1242 1275 πεπραγμένα

154 1287 244 1373 αὐτῷ
272 1287 394 1378 ἄκυρόν
422 1316 453 1356 τι
484 1292 615 1369 ποιῆσαι
642 1292 707 1355 τῶν
737 1296 846 1373 ἐκείνῳ
875 1292 1052 1355 δοθέντων.
1081 1291 1242 1359 vocalium

154 1410 331 1457 concursus
354 1392 473 1478 poterit
494 1391 621 1478 quidem
643 1391 784 1477 defendi,
806 1391 881 1476 quia
902 1391 988 1457 inter
1009 1388 1148 1476 αὐτῷοτ
1161 1390 1242 1457 ἄκν-

153 1516 211 1576 ρον
232 1512 336 1578 puusu
357 1493 515 1579 quaedum
537 1498 607 1579 est,
636 1494 731 1558 abest
754 1497 862 1558 tomen
884 1489 974 1574 αὐτῷ
996 1510 1059 1557 non
1081 1490 1241 1559 solornin

152 1592 230 1659 Per.
252 1593 277 1657 l.
299 1594 385 1677 Aug.
408 1594 435 1658 l.
456 1592 497 1657 Σ
503 1590 645 1657 Ythrs.
667 1592 727 1658 sed
750 1594 848 1659 etiam
868 1593 903 1657 in
918 1591 1078 1678 Dionysio
1101 1613 1133 1680 p.
1151 1591 1240 1663 1⁷1.

152 1695 185 1759 ln.
207 1694 268 1758 loc.
290 1697 458 1775 offerente,
482 1712 546 1779 quun
566 1693 609 1760 oe
631 1712 731 1759 ceusu
742 1692 941 1773 lincurius,
962 1693 1167 1779 improbante
1188 1701 1242 1762 tn·

152 1812 226 1861 men
246 1792 445 1880 Schneleru,
468 1812 643 1880 pronomen
664 1792 799 1860 delevit.
843 1790 923 1860 Cnnn
945 1801 1053 1861 nutent
1075 1801 1190 1863 orator
1208 1798 1241 1863 in

152 1896 339 1961 universum
361 1894 465 1960 dicut:
494 1902 550 1961 unt
571 1894 732 1960 hominem
752 1900 809 1959 unt
831 1914 887 1960 res
907 1902 1025 1979 gestus
1045 1897 1241 1983 vituperon-

153 2002 224 2083 tes,
245 1996 366 2080 poterit
387 1993 477 2091 αὐτην
494 1997 569 2080 jure
591 1996 723 2062 abesse.
766 1995 877 2061 Panse
897 2002 951 2061 est
972 1993 1072 2085 479,
1093 1994 1158 2063 76.
1187 1999 1241 2064 in-

153 2103 204 2162 ter
231 2092 332 2177 λὸηου
360 2102 396 2164 et
424 2093 483 2161 ὅτι.
536 2096 718 2163 Excusutio
743 2096 777 2162 in
805 2097 945 2162 relativo
973 2094 1073 2187 480,
1099 2096 1164 2165 78.
1199 2089 1239 2165 οὗ

152 2193 291 2275 ἑκάστην
312 2202 347 2263 et
368 2188 407 2262 οὖ
429 2199 583 2276 ἕκαστον,
625 2198 670 2262 in·
686 2216 789 2283 pauso
810 2194 909 2285 481,
932 2194 996 2266 79.
1023 2201 1130 2265 Δοκοῖ
1150 2202 1239 2267 τισὶν

152 2292 460 2378 ὑμῶν-τοσούτων
489 2299 598 2364 καλῶν
625 2303 730 2375 αἴτιος
757 2295 802 2363 ὢν
829 2296 1020 2384 αὶσχροαθ
1045 2296 1177 2378 οὐδενὸς
1198 2302 1240 2386 τῇ

151 2393 240 2461 πόλει
262 2395 352 2477 ἄξιος
373 2399 456 2466 εἶναι
477 2397 745 2485 ἀποστερηθῆναι
765 2396 824 2478 τὴν
845 2397 1015 2478 cittium
1051 2400 1107 2467 nbi
1127 2408 1239 2469 tomen

149 2499 259 2564 malim
279 2497 380 2588 εἶναι,
409 2503 501 2585 cujus
521 2502 592 2568 loco
614 2501 688 2566 Alo.
710 2489 730 2578 ἦ
751 2500 865 2584 hebet,
892 2501 1024 2566 abesse.
1053 2498 1153 2583 482,
1175 2500 1239 2570 82.

149 2601 183 2665 in
204 2601 335 2666 verbisr
356 2604 413 2667 καὶ
434 2600 498 2682 μὴν
518 2604 575 2668 καὶ
593 2599 662 2668 κατ’
687 2609 790 2667 ἐκεῖνο
813 2598 900 2691 (scr.
924 2596 1169 2692 ἐκεῖν’)’ἀνοὶξί
1195 2602 1238 2671 ἂν

140 2702 198 2780 ἐἴη
219 2701 391 2779 πεπονθώς
412 2698 431 2767 ὁ
452 2712 547 2782 παῖς,
588 2708 616 2767 εἰ
637 2704 693 2781 τῆς
713 2703 833 2784 δωρεᾶς
853 2699 1071 2791 ἀφαιρεθείη,
1103 2700 1238 2777 καθ’,ὃ

149 2802 303 2879 πολλάκις
334 2799 423 2880 ὑμῶν
449 2800 732 2888 στρατηγήσαντος
763 2805 915 2888 Χαβρίου
940 2799 1070 2880 οὐδενὸς
1093 2801 1234 2871 πώποθ’

149 2900 219 2978 υἱὸς
240 2899 384 2989 ὀρφανὸς
405 2900 448 2965 δι’
473 2909 594 2968 ἐκεῖνον
616 2901 741 2985 ἐγένετο
763 2905 921 2971 vocalium
943 2903 1071 2990 quidem
1094 2922 1238 2979 concor-

149 3023 226 3087 sus,
265 3005 339 3090 quin
360 3010 437 3089 post
457 3004 623 3088 genitivos
645 3003 819 3071 absolutos·
833 3026 900 3072 vox
921 3006 1089 3082 subsistit,
1130 3006 1237 3073 rninns

54 3162 61 3177 ,
150 3103 307 3180 offendit,
349 3104 520 3188 legebatur
560 3112 669 3171 temen
712 3105 811 3190 vulgo
850 3111 928 3172 unte
962 3107 1133 3174 Reiskinm
1178 3110 1237 3175 καὶ

149 3202 294 3285 οὐδενὸς,
323 3204 407 3291 qnod
430 3224 511 3271 sune
532 3205 599 3290 legi
620 3212 739 3292 potest.
783 3206 957 3292 Repetitnr
978 3209 1064 3274 enirn
1084 3210 1134 3276 itu
1154 3228 1238 3296 pnr-

148 3305 249 3371 ticulu
270 3306 501 3391 praecedentis
522 3306 724 3373 sententiae:
751 3309 807 3372 καὶ
828 3305 903 3373 κατ’
928 3308 1024 3376 ἐκεῖν’
1049 3317 1086 3376 ut
1106 3310 1237 3397 signiti-

148 3413 262 3473 cetur:
304 3411 424 3494 „ctiam
446 3413 585 3474 eotenus
606 3407 692 3473 mole
712 3407 756 3474 dc
783 3427 822 3475 eo
852 3418 1031 3495 ageretur,
1074 3418 1237 3507 quotenus

148 3507 245 3573 etium
267 3509 386 3574 nullius
407 3509 493 3573 tilius
516 3528 576 3595 per
597 3528 670 3575 eum
691 3510 789 3576 orbus
811 3517 865 3577 est
886 3512 1011 3590 luctus,
1032 3514 1105 3601 ipse
1126 3520 1251 3580 auten

146 3606 229 3674 etc.“
262 3609 339 3675 Non
361 3629 435 3675 roro
458 3609 542 3675 enim
563 3610 683 3676 fuctum
706 3618 770 3698 est,
791 3616 827 3676 ut
847 3615 1008 3698 particulo
1028 3617 1085 3680 καὶ
1106 3616 1158 3681 sic
1177 3612 1236 3683 το-

145 3713 324 3794 peteretur.
368 3709 569 3795 Exprimitur
590 3730 631 3777 eu
653 3730 771 3777 novum
792 3714 879 3799 quod
899 3715 953 3780 hic
974 3714 1103 3782 redditur
1132 3734 1238 3801 urgu-

145 3814 297 3875 mentum.
335 3811 413 3876 ·Nos
435 3831 560 3898 quoque
582 3812 693 3880 dicere
714 3834 902 3899 possumus:
938 3816 1013 3883 Und
1034 3816 1118 3883 auch
1138 3816 1236 3883 inso-

146 3909 216 3975 icrn
245 3909 440 3978 widerliihre
467 3912 531 3978 ihrn
561 3913 780 4000 Unwiirdiges
811 3950 845 3965 -
874 3916 1048 3989 inu’ielern
1077 3919 1115 4002 iu
1149 3920 1236 3985 ouelr

146 4017 235 4077 trotn
257 4011 331 4080 dem
354 4011 433 4079 duss
455 4010 614 4081 Chabrias
636 4015 681 4081 oft
702 4035 800 4083 unsre
823 4006 934 4085 licere
955 4017 1125 4105 untithrte,
1148 4019 1237 4087 Nie-
