2564 4508
339 148 431 189 '·
552 151 832 215 -16-

154 325 256 411 fugiet
277 300 318 388 iis
338 324 372 388 in
395 320 490 399 iocis,
534 319 587 405 qui
608 319 698 385 biatu
719 317 863 404 graviori
884 317 991 402 aliquo
1011 314 1136 383 foedati
1165 317 1245 400 sint,

155 447 257 515 saepe
279 444 321 492 ex
342 423 434 488 libris
454 423 583 507 optimis
604 421 756 486 auxilium
778 420 846 505 peti
868 437 979 505 posse,
1000 423 1035 482 et
1051 417 1106 483 ubi
1125 417 1159 484 id
1172 418 1244 485 tieri

155 533 313 616 nequeat,
350 522 524 590 verisimile
553 528 750 588 tamennon
773 521 877 586 minus
899 538 1000 607 saepe
1022 538 1116 598 esse,
1166 521 1243 587 oiim

154 630 241 698 aliud
266 625 341 715 quid
363 624 517 711 scriptum
538 623 677 688 aliumve
700 622 870 687 verborum
892 620 1037 707 ordinem
1058 621 1173 687 fuisse.

238 729 277 793 16
299 727 445 792 oratione
466 731 579 789 contra
601 723 898 790 Androtionem
920 729 1029 790 orator
1049 722 1120 789 non'.
1135 721 1243 789 minua

155 848 277 916 paucos
299 826 453 914 quosdam
475 825 582 892 hiatus
604 824 779 890 admisisse
792 824 930 902 videtur,
952 816 1240 913 6616650610.

156 927 378 1007 ἀναπηδῶντες
407 931 440 992 οἱ
470 927 642 1009 βουλευταὶ
669 926 805 990 ἐδέοντο.
837 922 935 1003 604,
965 921 1027 989 36.
1053 917 1151 1007 λάβοι
1179 919 1201 1015 (
1235 964 1244 983 .

158 1018 266 1120 λάβῃ)
287 1025 307 1108 ἡ
327 1024 439 1113 βουλὴ.
460 1024 562 1115 605,
585 1026 648 1092 37.
669 1023 803 1108 μηδενὸς
824 1024 1039 1090 1111661οε116
1060 1030 1095 1089 61
1116 1020 1181 1091 38.
1201 1024 1243 1109 τῇ

157 1126 189 1192 δ’
215 1125 361 1211 ἀληθείᾳ
388 1124 473 1217 ὑπὲρ.
503 1125 599 1209 614,
629 1123 692 1191 67.
722 1123 784 1208 ἐγώ
812 1122 898 1207 ὑμῖν.
928 1120 1026 1209 616,
1053 1123 1117 1190 73.
1146 1122 1242 1208 66661

158 1235 212 1308 εἰς.
257 1230 334 1297 Alia
356 1220 494 1316 pos'sont
515 1229 645 1313 corrigi,
668 1227 771 1293 veiuti
793 1223 885 1313 601,
907 1224 968 1291 05.
992 1222 1054 1304 οὐχ
1074 1228 1123 1291 ἑνὶ
1143 1227 1242 1291 tdoaa

158 1328 283 1418 τρόπῳ,
317 1331 490 1397 61ιί106166
512 1329 616 1395 Beirk.
638 1328 731 1395 dedit
752 1345 795 1393 ex
816 1325 902 1392 Bav.
925 1323 1058 1391 FZYr.
1080 1345 1140 1412 pro
1162 1330 1241 1391 cett

158 1435 283 1498 δέδωκε.
333 1432 518 1499 Perfectum
545 1450 587 1497 ea
614 1429 657 1496 de
686 1448 785 1494 causa
813 1432 966 1493 mutatum
994 1444 1073 1493 esse
1100 1425 1243 1509 videtur,

159 1536 233 1620 quia
253 1528 593 1617 ᾖδει-ἡγιϊτο-ᾥετο
615 1536 810 1617 sequuntur,
832 1547 897 1594 666
918 1534 1019 1594 reete.
1069 1528 1156 1595 Nam
1183 1546 1244 1615 per

56 1648 59 1655 '
158 1632 226 1717 ᾔδει
248 1641 282 1700 61
303 1652 386 1721 quae
408 1638 588 1718 sequuntur
607 1632 752 1696 rationes
773 1628 966 1709 redduntur,
984 1648 1040 1694 our
1060 1629 1109 1695 ita
1129 1630 1245 1718 vellet,

160 1734 221 1800 sed
243 1734 295 1799 hic
316 1733 358 1799 de
381 1752 420 1798 eo
442 1750 550 1797 sermo
572 1736 635 1810 est,
657 1750 727 1795 eum
749 1730 841 1815 leges
865 1730 1021 1814 ejusmodi
1033 1728 1178 1810 dedisse,
1199 1750 1243 1799 ex

157 1833 273 1920 quibus
303 1832 408 1897 adbuc
438 1831 537 1896 liceat
565 1833 704 1916 injustos
732 1831 824 1895 vario
855 1830 949 1896 modo
986 1832 1110 1917 punire.
1177 1831 1266 1899 Cur'

160 1940 267 1999 autem
289 1930 490 1998 Schaeserus
511 1931 616 2008 τιθεὶς
637 1953 695 2018 pro
717 1931 906 2018 imperfecto
927 1930 1063 1998 baberet
1083 1944 1188 2022 eaque
1202 1934 1244 2001 de

160 2054 260 2096 causa
280 2032 456 2116 perfectum
479 2030 593 2095 δέδωκε
615 2032 776 2099 soloecum
798 2051 875 2098 esse
888 2032 1074 2122 affirmaret,
1094 2035 1245 2103 idoneam

160 2149 291 2195 causam
306 2149 369 2195 non
382 2128 488 2210 video,
501 2150 607 2217 neque
620 2134 770 2218 probavit
778 2133 980 2199 Funkbiinei.
993 2135 1036 2201 od
1051 2136 1082 2201 b.
1091 2156 1137 2202 or.
1159 2137 1243 2203 item

160 2227 251 2311 607,
260 2228 324 2295 47.
336 2228 567 2296 πολιτεύεσθαι
581 2231 758 2302 ἐπιτήδειον
775 2234 845 2299 eod
860 2255 885 2299 r.
899 2237 955 2299 καὶ
971 2244 1048 2301 ante
1062 2235 1241 2309 ἐπιτήδειον

159 2330 285 2409 inserit,
301 2330 385 2417 quod
405 2333 515 2416 probo.
531 2324 623 2411 610,
645 2324 708 2391 57.
732 2326 765 2392 in
786 2334 915 2397 verbis:
937 2325 1109 2407 ἐπιτήδειαι
1123 2336 1243 2397 ἐκεῖναι

160 2432 267 2496 scribe
278 2442 382 2493 κεῖναι
398 2435 431 2494 et
447 2426 541 2511 613,
554 2424 617 2493 65.
639 2448 697 2512 pro
711 2424 839 2511 πότεροι
861 2435 938 2494 ante
961 2426 1050 2513 αὐτῷ
1073 2430 1114 2495 da
1137 2429 1240 2516 πότερ’

160 2529 207 2593 uti
218 2547 316 2615 supra
329 2528 362 2592 in
377 2526 456 2591 Mid.
473 2528 532 2592 loo.
555 2527 608 2591 aii.
652 2526 812 2592 Alienon
835 2529 1008 2606 offendunt,
1030 2529 1185 2612 611503,
1211 2532 1246 2601 1.

67 2673 73 2685 .
158 2626 349 2716 ὑβρισμένου
368 2626 502 2694 ἐλάττω.
525 2623 623 2711 595,
646 2627 682 2693 5.
714 2626 864 2717 προσήκει
893 2628 966 2695 οὐδὲ
986 2630 1021 2696 ἓν
1043 2628 1165 2715 δήπου,
1193 2634 1246 2705 ubi

158 2738 267 2795 tamen
298 2751 374 2796 666,
393 2729 527 2817 dubito,
571 2728 644 2815 quin
676 2748 719 2792 ex
749 2729 832 2814 Aug.
855 2731 881 2794 1.
910 2729 975 2796 Kr.
1010 2735 1170 2814 προσῆκει
1201 2735 1247 2801 sit

158 2831 372 2896 scribendum.
416 2828 640 2917 Opponentcm
664 2832 749 2894 enim
765 2829 855 2915 fingit
872 2830 1119 2898 Androtionemz
1142 2853 1246 2901 serra·

159 2937 213 2996 tus
235 2932 382 2997 consulto
405 2950 468 2996 non
492 2932 594 2997 fuisse
617 2951 709 3018 epae,
731 2932 806 3017 quia
827 2933 883 2998 iex
899 2942 1033 3018 praesto
1049 2935 1155 3001 suerit.
1184 2938 1244 3017 At,

158 3032 260 3118 inquit
283 3039 407 3119 orator,
442 3030 483 3097 de
506 3033 620 3118 quibus
642 3034 697 3097 iex
720 3032 843 3118 scripta
865 3041 935 3114 est,
972 3032 1244 3101 1666166166-

158 3130 253 3197 modo
280 3140 417 3199 senatus
446 3133 623 3198 consultum
653 3133 723 3200 fieri
750 3141 870 3219 potest.
916 3133 1038 3216 Quibus
1065 3142 1175 3201 autem
1202 3138 1246 3203 de

159 3232 257 3297 rebus
278 3232 371 3317 leges
393 3253 456 3300 666
480 3240 612 3320 praesto
634 3240 720 3317 sunt,
742 3234 786 3301 de
806 3237 847 3300 iis
869 3237 996 3302 omnino
1018 3242 1153 3301 senatus
1169 3254 1246 3303 corr·

159 3331 277 3396 snitum
297 3334 396 3398 scribi
418 3355 481 3400 non
509 3334 692 3402 debebat
717 3354 850 3423 neque
879 3342 1055 3421 poterat.
1097 3335 1246 3403 Senatus

158 3431 305 3497 consulta
327 3433 649 3501 enim-tantummodo
672 3456 714 3503 ex
737 3439 842 3522 legum
864 3436 1051 3523 praeceptis
1078 3436 1157 3501 ferri
1182 3442 1246 3503 de-

157 3532 287 3597 bebant.
330 3532 441 3600 Pausa
463 3541 517 3600 est
539 3533 709 3625 597,15.
732 3538 819 3604 inter
839 3536 928 3603 πόλει
950 3544 985 3604 61
1006 3534 1052 3602 οὐ.
1073 3535 1165 3619 000,
1179 3536 1246 3605 30.

158 3631 357 3696 θεάσασθαι
379 3631 466 3714 ὅσην.
509 3636 598 3702 1166
620 3638 683 3703 dici
706 3645 817 3723 potest
844 3637 920 3702 ibid.
950 3638 993 3703 de
1020 3638 1147 3703 verbisr
1173 3648 1245 3725 περὶ

157 3733 217 3795 τοῦ
238 3728 427 3818 πράγματος
446 3733 549 3801 αὐτοῦ
578 3728 633 3816 οὗ,
665 3739 717 3804 uhi
739 3758 843 3825 pausa
865 3746 934 3819 est,
963 3739 1024 3806 sed
1045 3739 1132 3821 Aug.
1155 3738 1182 3804 1.
1204 3736 1248 3805 Κ

157 3854 185 3899 r.
214 3831 317 3897 adteri
344 3837 513 3924 omittunt,
545 3838 621 3903 fort.
650 3841 780 3905 rectius.
836 3838 1023 3904 Excusabis
1050 3834 1149 3921 606,
1178 3836 1245 3907 41.

157 3935 263 4015 τολμᾷ
284 3931 334 4009 ὡς.
365 3931 464 4022 608,
492 3934 556 4002 48.
588 3940 638 4002 ἐπὶ
665 3941 705 4022 τῇ
731 3936 893 4024 προφάσει
927 3936 1030 4022 ταύτῃ
1056 3941 1126 4021 ἐπὶ,
1171 3958 1246 4007 num

155 4034 275 4100 verba:
295 4036 503 4126 1616661.
524 4037 564 4105 ad
590 4037 841 4124 praecedentem
861 4042 1059 4109 sententiam
1091 4059 1176 4128 quae
1197 4062 1255 4111 ra-
