<?xml version="1.0" encoding="UTF-8"?>
<!DOCTYPE html PUBLIC "-//W3C//DTD XHTML 1.0 Transitional//EN"
    "http://www.w3.org/TR/xhtml1/DTD/xhtml1-transitional.dtd">
<html xmlns="http://www.w3.org/1999/xhtml" xml:lang="en" lang="en">
 <head>
  <title>
</title>
<meta http-equiv="Content-Type" content="text/html;charset=utf-8" />
  <meta name='ocr-system' content='tesseract 3.04.00' />
  <meta name='ocr-capabilities' content='ocr_page ocr_carea ocr_par ocr_line ocrx_word'/>
</head>
<body>
  <div class='ocr_page' id='page_1' title='image "./dehiatuinorator01bensgoog_0533.png"; bbox 0 0 2580 4514; ppageno 0'>
   <div class='ocr_carea' id='block_1_1' title="bbox 561 144 831 212">
    <p class='ocr_par' dir='ltr' id='par_1_1' title="bbox 561 144 831 212">
     <span class='ocr_line' id='line_1_1' title="bbox 561 144 831 212; baseline 0 -18"><span class='ocrx_word' id='word_1_1' title='bbox 561 144 831 212; x_wconf 70' lang='grc' dir='ltr'><strong>-’ωρ..</strong></span> 
     </span>
    </p>
   </div>
   <div class='ocr_carea' id='block_1_2' title="bbox 51 307 1284 3927">
    <p class='ocr_par' dir='ltr' id='par_1_2' title="bbox 51 307 1284 3927">
     <span class='ocr_line' id='line_1_2' title="bbox 156 307 1284 399; baseline 0 -20"><span class='ocrx_word' id='word_1_2' title='bbox 156 307 332 395; x_wconf 70' lang='grc' dir='ltr'><em>διαδήμασι</em></span> <span class='ocrx_word' id='word_1_3' title='bbox 368 312 528 397; x_wconf 79' lang='grc' dir='ltr'><strong><em>βασιλέων</em></strong></span> <span class='ocrx_word' id='word_1_4' title='bbox 556 314 716 399; x_wconf 72' lang='grc' dir='ltr'><strong><em>ἐπέβησαν</em></strong></span> <span class='ocrx_word' id='word_1_5' title='bbox 746 312 822 397; x_wconf 80' lang='lat' dir='ltr'><strong>jure</strong></span> <span class='ocrx_word' id='word_1_6' title='bbox 855 308 994 379; x_wconf 67' lang='lat' dir='ltr'><strong>offendit</strong></span> <span class='ocrx_word' id='word_1_7' title='bbox 1023 308 1189 381; x_wconf 67' lang='lat' dir='ltr'><strong>Reiski!</strong></span> <span class='ocrx_word' id='word_1_8' title='bbox 1213 312 1240 381; x_wconf 86' lang='lat' dir='ltr'><strong><em>in</em></strong></span> <span class='ocrx_word' id='word_1_9' title='bbox 1283 372 1284 379; x_wconf 72' lang='grc'><strong><em>,</em></strong></span> 
     </span>
     <span class='ocr_line' id='line_1_3' title="bbox 155 408 1284 502; baseline -0.004 -21"><span class='ocrx_word' id='word_1_10' title='bbox 155 414 259 481; x_wconf 87' lang='lat' dir='ltr'><strong>verba</strong></span> <span class='ocrx_word' id='word_1_11' title='bbox 284 410 490 501; x_wconf 74' lang='grc' dir='ltr'><strong><em>Ἀριστονίκα</em></strong></span> <span class='ocrx_word' id='word_1_12' title='bbox 518 415 583 495; x_wconf 84' lang='lat' dir='ltr'><strong>(uti</strong></span> <span class='ocrx_word' id='word_1_13' title='bbox 612 434 670 502; x_wconf 88' lang='lat' dir='ltr'><strong><em>pro</em></strong></span> <span class='ocrx_word' id='word_1_14' title='bbox 698 414 787 499; x_wconf 79' lang='lat' dir='ltr'><strong>vulg.</strong></span> <span class='ocrx_word' id='word_1_15' title='bbox 813 408 1024 498; x_wconf 77' lang='grc' dir='ltr'><strong><em>Ἀριστονίσα</em></strong></span> <span class='ocrx_word' id='word_1_16' title='bbox 1053 410 1175 499; x_wconf 78' lang='lat' dir='ltr'><strong>uouit,</strong></span> <span class='ocrx_word' id='word_1_17' title='bbox 1191 422 1237 483; x_wconf 76' lang='lat' dir='ltr'><strong><em>&#39;et</em></strong></span> <span class='ocrx_word' id='word_1_18' title='bbox 1282 442 1284 477; x_wconf 81' lang='grc' dir='ltr'>ι</span> 
     </span>
     <span class='ocr_line' id='line_1_4' title="bbox 157 462 1284 603; baseline 0 -22"><span class='ocrx_word' id='word_1_19' title='bbox 157 514 332 601; x_wconf 83' lang='lat' dir='ltr'><strong>Wyttenh</strong></span> <span class='ocrx_word' id='word_1_20' title='bbox 366 514 453 581; x_wconf 88' lang='lat' dir='ltr'><strong><em>eB.</em></strong></span> <span class='ocrx_word' id='word_1_21' title='bbox 476 514 518 581; x_wconf 78' lang='lat' dir='ltr'><strong><em>E.</em></strong></span> <span class='ocrx_word' id='word_1_22' title='bbox 544 515 615 602; x_wconf 81' lang='lat' dir='ltr'><strong><em>Vyh</em></strong></span> <span class='ocrx_word' id='word_1_23' title='bbox 643 514 732 580; x_wconf 81' lang='lat' dir='ltr'><strong>Men.</strong></span> <span class='ocrx_word' id='word_1_24' title='bbox 765 514 909 599; x_wconf 80' lang='lat' dir='ltr'><strong>recepit)</strong></span> <span class='ocrx_word' id='word_1_25' title='bbox 938 510 991 579; x_wconf 82' lang='lat' dir='ltr'><strong><em>sie</em></strong></span> <span class='ocrx_word' id='word_1_26' title='bbox 1022 502 1121 601; x_wconf 75' lang='lat' dir='ltr'><strong>narie</strong></span> <span class='ocrx_word' id='word_1_27' title='bbox 1146 462 1239 603; x_wconf 77' lang='lat' dir='ltr'><strong>phua</strong></span> <span class='ocrx_word' id='word_1_28' title='bbox 1282 534 1284 549; x_wconf 90' lang='grc'><strong><em>·</em></strong></span> 
     </span>
     <span class='ocr_line' id='line_1_5' title="bbox 158 590 1284 702; baseline -0.006 -20"><span class='ocrx_word' id='word_1_29' title='bbox 158 617 362 701; x_wconf 79' lang='lat' dir='ltr'><strong>conjecitqne</strong></span> <span class='ocrx_word' id='word_1_30' title='bbox 397 620 454 682; x_wconf 83' lang='grc' dir='ltr'><strong><em>καὶ</em></strong></span> <span class='ocrx_word' id='word_1_31' title='bbox 487 614 692 702; x_wconf 80' lang='grc' dir='ltr'><em>ὀρχηστρίδες</em></span> <span class='ocrx_word' id='word_1_32' title='bbox 724 612 951 701; x_wconf 66' lang='grc' dir='ltr'><strong><em>Ἀριστονίκαν</em></strong></span> <span class='ocrx_word' id='word_1_33' title='bbox 1009 590 1113 681; x_wconf 75' lang='lat' dir='ltr'><strong>Beh&#39;e</strong></span> <span class='ocrx_word' id='word_1_34' title='bbox 1143 620 1238 683; x_wconf 62' lang='lat' dir='ltr'><strong>umen</strong></span> <span class='ocrx_word' id='word_1_35' title='bbox 1281 638 1284 675; x_wconf 85' lang='grc' dir='ltr'>ι</span> 
     </span>
     <span class='ocr_line' id='line_1_6' title="bbox 51 710 1284 803; baseline 0.005 -28"><span class='ocrx_word' id='word_1_36' title='bbox 51 758 59 775; x_wconf 93' lang='grc'><strong>.</strong></span> <span class='ocrx_word' id='word_1_37' title='bbox 156 716 451 783; x_wconf 86' lang='lat' dir='ltr'><strong>Winekeimannus</strong></span> <span class='ocrx_word' id='word_1_38' title='bbox 478 735 599 784; x_wconf 80' lang='lat' dir='ltr'><strong>memor</strong></span> <span class='ocrx_word' id='word_1_39' title='bbox 628 715 751 782; x_wconf 83' lang='lat' dir='ltr'><strong>Athen.</strong></span> <span class='ocrx_word' id='word_1_40' title='bbox 772 718 865 780; x_wconf 82' lang='lat' dir='ltr'><strong><em>xm.</em></strong></span> <span class='ocrx_word' id='word_1_41' title='bbox 888 710 981 779; x_wconf 82' lang='grc'><strong>575.</strong></span> <span class='ocrx_word' id='word_1_42' title='bbox 1002 732 1035 781; x_wconf 86' lang='lat' dir='ltr'><strong><em>e.</em></strong></span> <span class='ocrx_word' id='word_1_43' title='bbox 1065 716 1284 803; x_wconf 61' lang='lat' dir='ltr'><strong>emnium</strong></span> 
     </span>
     <span class='ocr_line' id='line_1_7' title="bbox 157 812 1284 905; baseline -0.002 -22"><span class='ocrx_word' id='word_1_44' title='bbox 157 822 212 883; x_wconf 79' lang='lat' dir='ltr'><strong><em>est</em></strong></span> <span class='ocrx_word' id='word_1_45' title='bbox 233 816 462 905; x_wconf 85' lang='grc' dir='ltr'><strong><em>Στρατονίκα,</em></strong></span> <span class='ocrx_word' id='word_1_46' title='bbox 495 818 541 883; x_wconf 92' lang='lat' dir='ltr'><strong><em>uti</em></strong></span> <span class='ocrx_word' id='word_1_47' title='bbox 562 838 620 904; x_wconf 84' lang='lat' dir='ltr'><strong><em>pro</em></strong></span> <span class='ocrx_word' id='word_1_48' title='bbox 637 814 879 900; x_wconf 76' lang='grc' dir='ltr'><strong><em>Ἁχαθοκλεία,</em></strong></span> <span class='ocrx_word' id='word_1_49' title='bbox 921 812 1007 901; x_wconf 78' lang='lat' dir='ltr'><strong>quari</strong></span> <span class='ocrx_word' id='word_1_50' title='bbox 1017 812 1237 903; x_wconf 81' lang='lat' dir='ltr'><strong>Wyttenhe</strong></span> <span class='ocrx_word' id='word_1_51' title='bbox 1283 844 1284 869; x_wconf 63' lang='grc' dir='ltr'><strong><em>ν</em></strong></span> 
     </span>
     <span class='ocr_line' id='line_1_8' title="bbox 158 912 1237 1004; baseline 0.002 -21"><span class='ocrx_word' id='word_1_52' title='bbox 158 916 235 1004; x_wconf 80' lang='lat' dir='ltr'><strong>xyl.</strong></span> <span class='ocrx_word' id='word_1_53' title='bbox 259 936 318 1003; x_wconf 85' lang='lat' dir='ltr'><strong><em>pro</em></strong></span> <span class='ocrx_word' id='word_1_54' title='bbox 340 917 426 1002; x_wconf 82' lang='lat' dir='ltr'><strong>vulg.</strong></span> <span class='ocrx_word' id='word_1_55' title='bbox 443 914 654 999; x_wconf 77' lang='grc' dir='ltr'><strong><em>Ἀγαθοκλία</em></strong></span> <span class='ocrx_word' id='word_1_56' title='bbox 674 916 786 1004; x_wconf 82' lang='lat' dir='ltr'>dedit,</span> <span class='ocrx_word' id='word_1_57' title='bbox 821 915 905 983; x_wconf 85' lang='lat' dir='ltr'><strong>vidit</strong></span> <span class='ocrx_word' id='word_1_58' title='bbox 922 912 1157 999; x_wconf 70' lang='grc' dir='ltr'><strong><em>Ἀγαθόκλεια</em></strong></span> <span class='ocrx_word' id='word_1_59' title='bbox 1175 934 1237 985; x_wconf 66' lang='lat' dir='ltr'><strong>aaut</strong></span> 
     </span>
     <span class='ocr_line' id='line_1_9' title="bbox 158 1006 1236 1103; baseline 0 -20"><span class='ocrx_word' id='word_1_60' title='bbox 158 1015 372 1083; x_wconf 81' lang='lat' dir='ltr'><strong>scribendum.</strong></span> <span class='ocrx_word' id='word_1_61' title='bbox 415 1015 489 1101; x_wconf 82' lang='lat' dir='ltr'><strong><em>Ego</em></strong></span> <span class='ocrx_word' id='word_1_62' title='bbox 511 1019 616 1085; x_wconf 84' lang='lat' dir='ltr'><strong>locum</strong></span> <span class='ocrx_word' id='word_1_63' title='bbox 636 1018 684 1085; x_wconf 86' lang='lat' dir='ltr'><strong><em>ita</em></strong></span> <span class='ocrx_word' id='word_1_64' title='bbox 704 1017 927 1103; x_wconf 82' lang='lat' dir='ltr'><strong>retingendum</strong></span> <span class='ocrx_word' id='word_1_65' title='bbox 947 1006 1030 1083; x_wconf 74' lang='lat' dir='ltr'><strong>esse</strong></span> <span class='ocrx_word' id='word_1_66' title='bbox 1052 1014 1158 1085; x_wconf 69' lang='lat' dir='ltr'><strong>duent</strong></span> <span class='ocrx_word' id='word_1_67' title='bbox 1177 1014 1236 1083; x_wconf 89' lang='grc' dir='ltr'><strong><em>αύλ</em></strong></span> 
     </span>
     <span class='ocr_line' id='line_1_10' title="bbox 157 1113 1237 1209; baseline -0.001 -25"><span class='ocrx_word' id='word_1_68' title='bbox 157 1118 192 1184; x_wconf 75' lang='grc' dir='ltr'><strong><em>δὲ</em></strong></span> <span class='ocrx_word' id='word_1_69' title='bbox 213 1113 307 1199; x_wconf 91' lang='grc' dir='ltr'><strong><em>Σάμ.</em></strong></span> <span class='ocrx_word' id='word_1_70' title='bbox 329 1118 387 1182; x_wconf 82' lang='grc' dir='ltr'><strong><em>καὶ</em></strong></span> <span class='ocrx_word' id='word_1_71' title='bbox 414 1114 485 1209; x_wconf 81' lang='grc' dir='ltr'><strong><em>ὀρχ.</em></strong></span> <span class='ocrx_word' id='word_1_72' title='bbox 514 1122 571 1184; x_wconf 86' lang='grc' dir='ltr'><strong><em>καὶ</em></strong></span> <span class='ocrx_word' id='word_1_73' title='bbox 602 1118 769 1201; x_wconf 76' lang='grc' dir='ltr'><strong><em>τύμπανον</em></strong></span> <span class='ocrx_word' id='word_1_74' title='bbox 796 1122 919 1196; x_wconf 74' lang='grc' dir='ltr'><strong><em>ἔχουσα</em></strong></span> <span class='ocrx_word' id='word_1_75' title='bbox 945 1116 1167 1207; x_wconf 76' lang='grc' dir='ltr'><strong><em>Στρατονίκα</em></strong></span> <span class='ocrx_word' id='word_1_76' title='bbox 1194 1120 1237 1183; x_wconf 82' lang='grc' dir='ltr'><strong><em>ινδ</em></strong></span> 
     </span>
     <span class='ocr_line' id='line_1_11' title="bbox 161 1214 1238 1307; baseline 0.001 -22"><span class='ocrx_word' id='word_1_77' title='bbox 161 1218 230 1285; x_wconf 77' lang='lat' dir='ltr'><strong>Ota.</strong></span> <span class='ocrx_word' id='word_1_78' title='bbox 252 1220 308 1283; x_wconf 85' lang='grc' dir='ltr'><strong><em>καὶ</em></strong></span> <span class='ocrx_word' id='word_1_79' title='bbox 327 1215 554 1301; x_wconf 72' lang='grc' dir='ltr'><strong><em>Ἀγαθόκλεια</em></strong></span> <span class='ocrx_word' id='word_1_80' title='bbox 573 1242 605 1284; x_wconf 87' lang='grc' dir='ltr'><strong><em>κ.</em></strong></span> <span class='ocrx_word' id='word_1_81' title='bbox 629 1244 658 1285; x_wconf 95' lang='grc' dir='ltr'><strong><em>τ.</em></strong></span> <span class='ocrx_word' id='word_1_82' title='bbox 681 1223 711 1285; x_wconf 93' lang='grc' dir='ltr'><strong><em>λ.</em></strong></span> <span class='ocrx_word' id='word_1_83' title='bbox 755 1220 803 1285; x_wconf 90' lang='lat' dir='ltr'><strong><em>lh.</em></strong></span> <span class='ocrx_word' id='word_1_84' title='bbox 827 1214 919 1283; x_wconf 80' lang='grc'><strong>754.</strong></span> <span class='ocrx_word' id='word_1_85' title='bbox 938 1236 972 1285; x_wconf 83' lang='lat' dir='ltr'><strong><em>a.</em></strong></span> <span class='ocrx_word' id='word_1_86' title='bbox 993 1236 1015 1285; x_wconf 87' lang='lat' dir='ltr'><strong>e</strong></span> <span class='ocrx_word' id='word_1_87' title='bbox 1037 1220 1130 1305; x_wconf 71' lang='lat' dir='ltr'><strong><em>(tnnj.¹</em></strong></span> <span class='ocrx_word' id='word_1_88' title='bbox 1148 1220 1238 1307; x_wconf 71' lang='lat' dir='ltr'><strong><em>wyt</em></strong></span> 
     </span>
     <span class='ocr_line' id='line_1_12' title="bbox 117 1316 1239 1406; baseline -0.001 -20"><span class='ocrx_word' id='word_1_89' title='bbox 117 1326 120 1333; x_wconf 90' lang='lat'>&#39;</span> <span class='ocrx_word' id='word_1_90' title='bbox 159 1320 248 1386; x_wconf 86' lang='lat' dir='ltr'><strong>tenb.</strong></span> <span class='ocrx_word' id='word_1_91' title='bbox 260 1318 380 1385; x_wconf 84' lang='lat' dir='ltr'><strong>editum</strong></span> <span class='ocrx_word' id='word_1_92' title='bbox 395 1325 469 1385; x_wconf 84' lang='lat' dir='ltr'><strong>est:</strong></span> <span class='ocrx_word' id='word_1_93' title='bbox 491 1316 596 1406; x_wconf 82' lang='grc' dir='ltr'><strong><em>ὥοπερ</em></strong></span> <span class='ocrx_word' id='word_1_94' title='bbox 606 1320 780 1385; x_wconf 87' lang='grc' dir='ltr'><strong><em>δακτύλιον</em></strong></span> <span class='ocrx_word' id='word_1_95' title='bbox 793 1316 956 1385; x_wconf 77' lang='grc' dir='ltr'><strong><em>δακτύλου</em></strong></span> <span class='ocrx_word' id='word_1_96' title='bbox 974 1320 1104 1401; x_wconf 84' lang='grc' dir='ltr'><strong><em>ίσχνού,</em></strong></span> <span class='ocrx_word' id='word_1_97' title='bbox 1124 1318 1170 1403; x_wconf 74' lang='grc' dir='ltr'><strong><em>μὴ</em></strong></span> <span class='ocrx_word' id='word_1_98' title='bbox 1188 1340 1239 1385; x_wconf 79' lang='grc' dir='ltr'><strong><em>πν-</em></strong></span> 
     </span>
     <span class='ocr_line' id='line_1_13' title="bbox 158 1416 1241 1507; baseline 0.003 -24"><span class='ocrx_word' id='word_1_99' title='bbox 158 1421 285 1506; x_wconf 73' lang='grc' dir='ltr'><strong><em>ραρῥνῇ</em></strong></span> <span class='ocrx_word' id='word_1_100' title='bbox 306 1418 425 1507; x_wconf 81' lang='grc' dir='ltr'><strong><em>δεδιώς,</em></strong></span> <span class='ocrx_word' id='word_1_101' title='bbox 446 1440 517 1486; x_wconf 83' lang='lat' dir='ltr'><strong><em>eum</em></strong></span> <span class='ocrx_word' id='word_1_102' title='bbox 538 1421 657 1505; x_wconf 80' lang='lat' dir='ltr'><strong>vuigu:</strong></span> <span class='ocrx_word' id='word_1_103' title='bbox 678 1416 784 1506; x_wconf 83' lang='grc' dir='ltr'><strong><em>ὥσπερ</em></strong></span> <span class='ocrx_word' id='word_1_104' title='bbox 806 1416 994 1501; x_wconf 78' lang='grc' dir='ltr'><strong><em>δακτύλιον,</em></strong></span> <span class='ocrx_word' id='word_1_105' title='bbox 1014 1424 1127 1501; x_wconf 74' lang='grc' dir='ltr'><strong><em>ἴχνος,</em></strong></span> <span class='ocrx_word' id='word_1_106' title='bbox 1148 1416 1241 1504; x_wconf 72' lang='grc' dir='ltr'><strong><em>άςμύ</em></strong></span> 
     </span>
     <span class='ocr_line' id='line_1_14' title="bbox 160 1516 1241 1613; baseline -0.003 -26"><span class='ocrx_word' id='word_1_107' title='bbox 160 1522 194 1587; x_wconf 88' lang='grc' dir='ltr'><strong><em>π.</em></strong></span> <span class='ocrx_word' id='word_1_108' title='bbox 216 1521 356 1606; x_wconf 80' lang='lat' dir='ltr'><strong>tegatur.</strong></span> <span class='ocrx_word' id='word_1_109' title='bbox 407 1521 546 1587; x_wconf 88' lang='lat' dir='ltr'><strong>Reiskio</strong></span> <span class='ocrx_word' id='word_1_110' title='bbox 568 1526 755 1607; x_wconf 81' lang='lat' dir='ltr'><strong>suspectum</strong></span> <span class='ocrx_word' id='word_1_111' title='bbox 778 1526 830 1588; x_wconf 79' lang='lat' dir='ltr'><strong><em>est</em></strong></span> <span class='ocrx_word' id='word_1_112' title='bbox 852 1526 941 1599; x_wconf 86' lang='grc' dir='ltr'><strong><em>ἴχνος</em></strong></span> <span class='ocrx_word' id='word_1_113' title='bbox 961 1526 997 1589; x_wconf 82' lang='lat' dir='ltr'><strong><em>et</em></strong></span> <span class='ocrx_word' id='word_1_114' title='bbox 1016 1516 1241 1613; x_wconf 64' lang='lat' dir='ltr'><strong>redundatia</strong></span> 
     </span>
     <span class='ocr_line' id='line_1_15' title="bbox 160 1616 1242 1709; baseline -0.001 -21"><span class='ocrx_word' id='word_1_115' title='bbox 160 1622 357 1689; x_wconf 88' lang='lat' dir='ltr'><strong>Winckelm.</strong></span> <span class='ocrx_word' id='word_1_116' title='bbox 380 1621 490 1689; x_wconf 82' lang='lat' dir='ltr'><strong>dedit:</strong></span> <span class='ocrx_word' id='word_1_117' title='bbox 534 1622 725 1697; x_wconf 79' lang='grc' dir='ltr'><strong><em>δακτυλίους</em></strong></span> <span class='ocrx_word' id='word_1_118' title='bbox 746 1616 914 1687; x_wconf 78' lang='grc' dir='ltr'><strong><em>δακτύλου</em></strong></span> <span class='ocrx_word' id='word_1_119' title='bbox 934 1622 1058 1701; x_wconf 72' lang='grc' dir='ltr'><strong><em>ἰσχνῶν</em></strong></span> <span class='ocrx_word' id='word_1_120' title='bbox 1077 1618 1143 1705; x_wconf 81' lang='grc' dir='ltr'><strong><em>μὴ,</em></strong></span> <span class='ocrx_word' id='word_1_121' title='bbox 1169 1616 1242 1709; x_wconf 82' lang='lat' dir='ltr'><strong>quui</strong></span> 
     </span>
     <span class='ocr_line' id='line_1_16' title="bbox 158 1718 1243 1811; baseline -0.001 -23"><span class='ocrx_word' id='word_1_122' title='bbox 158 1730 279 1811; x_wconf 82' lang='lat' dir='ltr'><strong>postea</strong></span> <span class='ocrx_word' id='word_1_123' title='bbox 308 1724 382 1809; x_wconf 86' lang='lat' dir='ltr'><strong>ipse</strong></span> <span class='ocrx_word' id='word_1_124' title='bbox 408 1723 613 1809; x_wconf 86' lang='lat' dir='ltr'><strong>improbavit.</strong></span> <span class='ocrx_word' id='word_1_125' title='bbox 656 1727 694 1788; x_wconf 88' lang='lat' dir='ltr'><strong><em>ln</em></strong></span> <span class='ocrx_word' id='word_1_126' title='bbox 715 1722 754 1787; x_wconf 89' lang='lat' dir='ltr'><strong><em>B.</em></strong></span> <span class='ocrx_word' id='word_1_127' title='bbox 785 1721 828 1789; x_wconf 75' lang='grc' dir='ltr'><strong><em>Π.</em></strong></span> <span class='ocrx_word' id='word_1_128' title='bbox 860 1720 937 1787; x_wconf 82' lang='lat' dir='ltr'><strong>ald.</strong></span> <span class='ocrx_word' id='word_1_129' title='bbox 965 1726 1044 1789; x_wconf 65' lang='lat' dir='ltr'><strong>esta</strong></span> <span class='ocrx_word' id='word_1_130' title='bbox 1085 1718 1243 1789; x_wconf 80' lang='grc' dir='ltr'><strong><em>δακτύλων</em></strong></span> 
     </span>
     <span class='ocr_line' id='line_1_17' title="bbox 159 1811 1243 1912; baseline 0 -23"><span class='ocrx_word' id='word_1_131' title='bbox 159 1829 249 1912; x_wconf 84' lang='grc' dir='ltr'><strong><em>ίχνος</em></strong></span> <span class='ocrx_word' id='word_1_132' title='bbox 269 1813 314 1888; x_wconf 81' lang='grc' dir='ltr'><strong><em>ὧν</em></strong></span> <span class='ocrx_word' id='word_1_133' title='bbox 334 1820 387 1904; x_wconf 83' lang='grc' dir='ltr'><strong><em>μὴ,</em></strong></span> <span class='ocrx_word' id='word_1_134' title='bbox 410 1824 442 1889; x_wconf 92' lang='lat' dir='ltr'><strong><em>in</em></strong></span> <span class='ocrx_word' id='word_1_135' title='bbox 458 1823 539 1889; x_wconf 87' lang='lat' dir='ltr'><strong>Bas.</strong></span> <span class='ocrx_word' id='word_1_136' title='bbox 564 1824 737 1889; x_wconf 89' lang='grc' dir='ltr'><strong><em>δακτύλιον</em></strong></span> <span class='ocrx_word' id='word_1_137' title='bbox 757 1830 867 1903; x_wconf 88' lang='grc' dir='ltr'><strong><em>ίσχνος</em></strong></span> <span class='ocrx_word' id='word_1_138' title='bbox 886 1811 932 1889; x_wconf 74' lang='lat' dir='ltr'><strong><em>niu</em></strong></span> <span class='ocrx_word' id='word_1_139' title='bbox 950 1819 1005 1905; x_wconf 80' lang='grc' dir='ltr'><strong><em>μὴ.</em></strong></span> <span class='ocrx_word' id='word_1_140' title='bbox 1051 1820 1106 1889; x_wconf 83' lang='grc' dir='ltr'><strong><em>Τιι</em></strong></span> <span class='ocrx_word' id='word_1_141' title='bbox 1127 1820 1243 1889; x_wconf 73' lang='lat' dir='ltr'><strong>mnae:</strong></span> 
     </span>
     <span class='ocr_line' id='line_1_18' title="bbox 158 1919 1272 2010; baseline -0.003 -20"><span class='ocrx_word' id='word_1_142' title='bbox 158 1921 264 2010; x_wconf 81' lang='grc' dir='ltr'><strong><em>ὥσπερ</em></strong></span> <span class='ocrx_word' id='word_1_143' title='bbox 291 1919 463 1988; x_wconf 88' lang='grc' dir='ltr'><strong><em>δακτύλιον</em></strong></span> <span class='ocrx_word' id='word_1_144' title='bbox 494 1928 603 2002; x_wconf 85' lang='grc' dir='ltr'><strong><em>λ’σχνος</em></strong></span> <span class='ocrx_word' id='word_1_145' title='bbox 628 1930 681 2006; x_wconf 85' lang='lat' dir='ltr'><strong><em>(ut</em></strong></span> <span class='ocrx_word' id='word_1_146' title='bbox 711 1924 860 1990; x_wconf 85' lang='lat' dir='ltr'><strong>annulum</strong></span> <span class='ocrx_word' id='word_1_147' title='bbox 889 1922 1068 2009; x_wconf 73' lang='lat' dir='ltr'><strong>gracilisi.</strong></span> <span class='ocrx_word' id='word_1_148' title='bbox 1089 1942 1133 1991; x_wconf 78' lang='lat' dir='ltr'><strong><em>e.-</em></strong></span> <span class='ocrx_word' id='word_1_149' title='bbox 1144 1922 1272 2000; x_wconf 67' lang='lat' dir='ltr'><strong>hanni·</strong></span> 
     </span>
     <span class='ocr_line' id='line_1_19' title="bbox 160 2020 1246 2113; baseline -0.004 -23"><span class='ocrx_word' id='word_1_150' title='bbox 160 2022 204 2101; x_wconf 79' lang='grc' dir='ltr'><strong><em>ὥς</em></strong></span> <span class='ocrx_word' id='word_1_151' title='bbox 237 2025 380 2113; x_wconf 81' lang='lat' dir='ltr'>(quasi)</span> <span class='ocrx_word' id='word_1_152' title='bbox 413 2023 456 2106; x_wconf 84' lang='grc' dir='ltr'><strong><em>μὴ</em></strong></span> <span class='ocrx_word' id='word_1_153' title='bbox 493 2026 645 2109; x_wconf 77' lang='grc' dir='ltr'><strong><em>περιρρυῇ</em></strong></span> <span class='ocrx_word' id='word_1_154' title='bbox 677 2021 797 2101; x_wconf 79' lang='grc' dir='ltr'><strong><em>δεδιώς.</em></strong></span> <span class='ocrx_word' id='word_1_155' title='bbox 863 2020 1053 2111; x_wconf 80' lang='grc' dir='ltr'><strong><em>Περιρῥυῇ</em></strong></span> <span class='ocrx_word' id='word_1_156' title='bbox 1060 2024 1134 2109; x_wconf 80' lang='lat' dir='ltr'><strong><em>Jam</em></strong></span> <span class='ocrx_word' id='word_1_157' title='bbox 1164 2020 1246 2091; x_wconf 75' lang='lat' dir='ltr'><strong>uouit</strong></span> 
     </span>
     <span class='ocr_line' id='line_1_20' title="bbox 159 2112 1248 2213; baseline -0.003 -21"><span class='ocrx_word' id='word_1_158' title='bbox 159 2126 360 2192; x_wconf 86' lang='lat' dir='ltr'><strong>Winekeim</strong></span> <span class='ocrx_word' id='word_1_159' title='bbox 382 2123 650 2193; x_wconf 57' lang='lat' dir='ltr'><strong><em>exustam.</em></strong></span> <span class='ocrx_word' id='word_1_160' title='bbox 679 2112 1248 2213; x_wconf 74' lang='grc' dir='ltr'><strong><em>Βεε.ρεουσ1ς.παραῤῥύῇ.(λ</em></strong></span> 
     </span>
     <span class='ocr_line' id='line_1_21' title="bbox 159 2223 1248 2313; baseline -0.001 -19"><span class='ocrx_word' id='word_1_161' title='bbox 159 2226 202 2294; x_wconf 89' lang='grc' dir='ltr'><strong><em>Χ</em></strong></span> <span class='ocrx_word' id='word_1_162' title='bbox 226 2223 318 2292; x_wconf 84' lang='grc'><strong>754.</strong></span> <span class='ocrx_word' id='word_1_163' title='bbox 340 2244 373 2293; x_wconf 88' lang='lat' dir='ltr'><strong><em>e.</em></strong></span> <span class='ocrx_word' id='word_1_164' title='bbox 394 2226 427 2292; x_wconf 93' lang='lat' dir='ltr'><strong><em>in</em></strong></span> <span class='ocrx_word' id='word_1_165' title='bbox 449 2227 577 2293; x_wconf 87' lang='lat' dir='ltr'><strong>verbis.</strong></span> <span class='ocrx_word' id='word_1_166' title='bbox 621 2227 734 2292; x_wconf 74' lang='grc' dir='ltr'><strong><em>ἐλθεῖν</em></strong></span> <span class='ocrx_word' id='word_1_167' title='bbox 754 2248 812 2289; x_wconf 87' lang='grc' dir='ltr'><strong><em>του</em></strong></span> <span class='ocrx_word' id='word_1_168' title='bbox 797 2224 972 2291; x_wconf 87' lang='grc' dir='ltr'><strong><em>Πεισίου</em></strong></span> <span class='ocrx_word' id='word_1_169' title='bbox 996 2229 1132 2313; x_wconf 75' lang='grc' dir='ltr'><strong><em>ἑταῖρον</em></strong></span> <span class='ocrx_word' id='word_1_170' title='bbox 1156 2224 1248 2309; x_wconf 77' lang='lat' dir='ltr'><strong>vulga</strong></span> 
     </span>
     <span class='ocr_line' id='line_1_22' title="bbox 159 2324 1246 2415; baseline -0.002 -23"><span class='ocrx_word' id='word_1_171' title='bbox 159 2329 217 2393; x_wconf 85' lang='grc' dir='ltr'><strong><em>τοῦ</em></strong></span> <span class='ocrx_word' id='word_1_172' title='bbox 237 2329 361 2393; x_wconf 85' lang='grc' dir='ltr'><strong><em>Πεισία</em></strong></span> <span class='ocrx_word' id='word_1_173' title='bbox 382 2328 520 2414; x_wconf 86' lang='lat' dir='ltr'><strong>legitur,</strong></span> <span class='ocrx_word' id='word_1_174' title='bbox 542 2327 628 2415; x_wconf 84' lang='lat' dir='ltr'><strong>quod</strong></span> <span class='ocrx_word' id='word_1_175' title='bbox 641 2326 816 2414; x_wconf 89' lang='lat' dir='ltr'><strong>Wyttenh.</strong></span> <span class='ocrx_word' id='word_1_176' title='bbox 839 2326 991 2392; x_wconf 81' lang='lat' dir='ltr'><strong>correxit</strong></span> <span class='ocrx_word' id='word_1_177' title='bbox 1035 2324 1155 2395; x_wconf 71' lang='lat' dir='ltr'><strong>nean</strong></span> <span class='ocrx_word' id='word_1_178' title='bbox 1176 2344 1246 2393; x_wconf 85' lang='lat' dir='ltr'><strong>eon·</strong></span> 
     </span>
     <span class='ocr_line' id='line_1_23' title="bbox 155 2424 1244 2519; baseline -0.004 -23"><span class='ocrx_word' id='word_1_179' title='bbox 155 2431 287 2516; x_wconf 82' lang='lat' dir='ltr'><strong>jecerat</strong></span> <span class='ocrx_word' id='word_1_180' title='bbox 299 2453 344 2512; x_wconf 80' lang='grc' dir='ltr'><strong><em>τρν</em></strong></span> <span class='ocrx_word' id='word_1_181' title='bbox 330 2430 482 2512; x_wconf 77' lang='grc' dir='ltr'><strong><em>Πεισίᾳ</em></strong></span> <span class='ocrx_word' id='word_1_182' title='bbox 504 2428 588 2519; x_wconf 87' lang='lat' dir='ltr'><strong>quod</strong></span> <span class='ocrx_word' id='word_1_183' title='bbox 609 2429 721 2514; x_wconf 84' lang='lat' dir='ltr'><strong>probo,</strong></span> <span class='ocrx_word' id='word_1_184' title='bbox 742 2428 771 2492; x_wconf 85' lang='lat' dir='ltr'><strong><em>si</em></strong></span> <span class='ocrx_word' id='word_1_185' title='bbox 792 2426 911 2495; x_wconf 85' lang='lat' dir='ltr'><strong>deinde</strong></span> <span class='ocrx_word' id='word_1_186' title='bbox 924 2424 1126 2493; x_wconf 79' lang='lat' dir='ltr'><strong>serihitur&#39;</strong></span> <span class='ocrx_word' id='word_1_187' title='bbox 1088 2450 1151 2493; x_wconf 82' lang='grc' dir='ltr'><strong><em>τον</em></strong></span> <span class='ocrx_word' id='word_1_188' title='bbox 1164 2430 1244 2495; x_wconf 66' lang='lat' dir='ltr'><strong>irat</strong></span> 
     </span>
     <span class='ocr_line' id='line_1_24' title="bbox 159 2516 1247 2650; baseline -0.004 -54"><span class='ocrx_word' id='word_1_189' title='bbox 159 2554 228 2650; x_wconf 88' lang='grc' dir='ltr'><strong><em>ρον.</em></strong></span> <span class='ocrx_word' id='word_1_190' title='bbox 271 2528 319 2595; x_wconf 88' lang='lat' dir='ltr'><strong><em>lh.</em></strong></span> <span class='ocrx_word' id='word_1_191' title='bbox 344 2527 432 2595; x_wconf 91' lang='grc'><strong>755.</strong></span> <span class='ocrx_word' id='word_1_192' title='bbox 455 2549 482 2595; x_wconf 85' lang='lat' dir='ltr'><strong>e</strong></span> <span class='ocrx_word' id='word_1_193' title='bbox 502 2532 536 2596; x_wconf 94' lang='lat' dir='ltr'><strong><em>in</em></strong></span> <span class='ocrx_word' id='word_1_194' title='bbox 558 2530 689 2596; x_wconf 86' lang='lat' dir='ltr'><strong>verbis.</strong></span> <span class='ocrx_word' id='word_1_195' title='bbox 732 2525 928 2612; x_wconf 83' lang='grc' dir='ltr'><strong><em>προάγοντος</em></strong></span> <span class='ocrx_word' id='word_1_196' title='bbox 949 2516 1006 2595; x_wconf 87' lang='grc' dir='ltr'><strong><em>σύν</em></strong></span> <span class='ocrx_word' id='word_1_197' title='bbox 1025 2550 1086 2593; x_wconf 89' lang='grc' dir='ltr'><strong><em>τον</em></strong></span> <span class='ocrx_word' id='word_1_198' title='bbox 1069 2528 1247 2611; x_wconf 82' lang='grc' dir='ltr'><strong><em>Πεισίοι,</em></strong></span> 
     </span>
     <span class='ocr_line' id='line_1_25' title="bbox 160 2627 1245 2715; baseline 0 -18"><span class='ocrx_word' id='word_1_199' title='bbox 160 2657 180 2698; x_wconf 94' lang='lat'>0</span> <span class='ocrx_word' id='word_1_200' title='bbox 168 2628 259 2714; x_wconf 78' lang='grc' dir='ltr'><strong><em>μὲν</em></strong></span> <span class='ocrx_word' id='word_1_201' title='bbox 281 2631 491 2714; x_wconf 80' lang='grc' dir='ltr'><strong><em>Πρωτογένης</em></strong></span> <span class='ocrx_word' id='word_1_202' title='bbox 513 2628 572 2696; x_wconf 88' lang='grc' dir='ltr'><strong><em>ούκ</em></strong></span> <span class='ocrx_word' id='word_1_203' title='bbox 592 2627 777 2695; x_wconf 76' lang='grc' dir='ltr'><strong><em>ἀπελείπετο</em></strong></span> <span class='ocrx_word' id='word_1_204' title='bbox 803 2630 912 2697; x_wconf 80' lang='lat' dir='ltr'><strong>hiatus</strong></span> <span class='ocrx_word' id='word_1_205' title='bbox 939 2629 1063 2715; x_wconf 83' lang='lat' dir='ltr'><strong>poterit</strong></span> <span class='ocrx_word' id='word_1_206' title='bbox 1087 2628 1245 2697; x_wconf 63' lang='lat' dir='ltr'><strong>unumn-</strong></span> 
     </span>
     <span class='ocr_line' id='line_1_26' title="bbox 160 2727 1284 2818; baseline -0.003 -20"><span class='ocrx_word' id='word_1_207' title='bbox 160 2732 208 2798; x_wconf 86' lang='lat' dir='ltr'><strong><em>Ih.</em></strong></span> <span class='ocrx_word' id='word_1_208' title='bbox 242 2730 332 2798; x_wconf 95' lang='grc'><strong>755.</strong></span> <span class='ocrx_word' id='word_1_209' title='bbox 361 2731 392 2799; x_wconf 86' lang='lat' dir='ltr'><strong><em>d.</em></strong></span> <span class='ocrx_word' id='word_1_210' title='bbox 433 2752 492 2818; x_wconf 85' lang='lat' dir='ltr'><strong><em>pro</em></strong></span> <span class='ocrx_word' id='word_1_211' title='bbox 536 2727 663 2797; x_wconf 81' lang='grc' dir='ltr'><strong><em>ὑπονόει</em></strong></span> <span class='ocrx_word' id='word_1_212' title='bbox 697 2734 747 2797; x_wconf 76' lang='grc' dir='ltr'><strong><em>ἐπὶ</em></strong></span> <span class='ocrx_word' id='word_1_213' title='bbox 781 2728 960 2808; x_wconf 76' lang='grc' dir='ltr'><strong><em>Βάκχωνος</em></strong></span> <span class='ocrx_word' id='word_1_214' title='bbox 992 2732 1147 2818; x_wconf 78' lang='lat' dir='ltr'><strong>nuspiear</strong></span> <span class='ocrx_word' id='word_1_215' title='bbox 1180 2730 1247 2799; x_wconf 83' lang='lat' dir='ltr'><strong>alin</strong></span> <span class='ocrx_word' id='word_1_216' title='bbox 1282 2788 1284 2795; x_wconf 93' lang='lat'><em>.</em></span> 
     </span>
     <span class='ocr_line' id='line_1_27' title="bbox 162 2828 1252 2919; baseline -0.001 -21"><span class='ocrx_word' id='word_1_217' title='bbox 162 2829 290 2898; x_wconf 88' lang='grc' dir='ltr'><strong><em>ύπονόει</em></strong></span> <span class='ocrx_word' id='word_1_218' title='bbox 310 2833 367 2897; x_wconf 88' lang='grc' dir='ltr'><strong><em>τού</em></strong></span> <span class='ocrx_word' id='word_1_219' title='bbox 388 2830 568 2910; x_wconf 83' lang='grc' dir='ltr'><strong><em>Βάκχωνος</em></strong></span> <span class='ocrx_word' id='word_1_220' title='bbox 589 2833 745 2917; x_wconf 86' lang='lat' dir='ltr'><strong>scriptum</strong></span> <span class='ocrx_word' id='word_1_221' title='bbox 766 2832 891 2911; x_wconf 80' lang='lat' dir='ltr'><strong>tuisse,</strong></span> <span class='ocrx_word' id='word_1_222' title='bbox 933 2848 998 2919; x_wconf 83' lang='lat' dir='ltr'><strong><em>qua</em></strong></span> <span class='ocrx_word' id='word_1_223' title='bbox 1021 2828 1066 2899; x_wconf 82' lang='lat' dir='ltr'><strong><em>(ie</em></strong></span> <span class='ocrx_word' id='word_1_224' title='bbox 1089 2838 1252 2899; x_wconf 74' lang='lat' dir='ltr'>structura</span> 
     </span>
     <span class='ocr_line' id='line_1_28' title="bbox 161 2924 1250 3012; baseline -0.001 -12"><span class='ocrx_word' id='word_1_225' title='bbox 161 2933 202 3001; x_wconf 82' lang='lat' dir='ltr'><strong><em>ef.</em></strong></span> <span class='ocrx_word' id='word_1_226' title='bbox 226 2934 328 2999; x_wconf 78' lang='lat' dir='ltr'><strong>Thau.</strong></span> <span class='ocrx_word' id='word_1_227' title='bbox 350 2939 376 3010; x_wconf 88' lang='grc' dir='ltr'><strong><em>Ι,</em></strong></span> <span class='ocrx_word' id='word_1_228' title='bbox 400 2930 462 2998; x_wconf 81' lang='grc'><strong>68.</strong></span> <span class='ocrx_word' id='word_1_229' title='bbox 506 2932 619 2998; x_wconf 85' lang='lat' dir='ltr'>c.x1.</span> <span class='ocrx_word' id='word_1_230' title='bbox 641 2930 731 2998; x_wconf 87' lang='grc'><strong>756.</strong></span> <span class='ocrx_word' id='word_1_231' title='bbox 753 2954 782 3000; x_wconf 90' lang='lat' dir='ltr'><strong><em>a.</em></strong></span> <span class='ocrx_word' id='word_1_232' title='bbox 803 2934 836 2998; x_wconf 92' lang='lat' dir='ltr'><strong><em>in</em></strong></span> <span class='ocrx_word' id='word_1_233' title='bbox 858 2932 987 2998; x_wconf 78' lang='lat' dir='ltr'><strong>verbis:</strong></span> <span class='ocrx_word' id='word_1_234' title='bbox 1008 2932 1080 3005; x_wconf 82' lang='grc' dir='ltr'><strong><em>νυνλ</em></strong></span> <span class='ocrx_word' id='word_1_235' title='bbox 1100 2924 1132 2999; x_wconf 79' lang='grc' dir='ltr'><strong><em>δ</em></strong></span> <span class='ocrx_word' id='word_1_236' title='bbox 1154 2930 1250 3012; x_wconf 78' lang='grc' dir='ltr'><strong><em>άπνλ</em></strong></span> 
     </span>
     <span class='ocr_line' id='line_1_29' title="bbox 126 3028 1249 3121; baseline -0.001 -21"><span class='ocrx_word' id='word_1_237' title='bbox 126 3049 128 3053; x_wconf 83' lang='grc'><strong>’</strong></span> <span class='ocrx_word' id='word_1_238' title='bbox 161 3038 318 3117; x_wconf 79' lang='grc' dir='ltr'><strong><em>λαμμένος</em></strong></span> <span class='ocrx_word' id='word_1_239' title='bbox 340 3034 443 3098; x_wconf 87' lang='grc' dir='ltr'><strong><em>Πεισί</em></strong></span> <span class='ocrx_word' id='word_1_240' title='bbox 428 3036 530 3118; x_wconf 82' lang='grc' dir='ltr'><strong><em>ίηου,</em></strong></span> <span class='ocrx_word' id='word_1_241' title='bbox 510 3028 608 3111; x_wconf 78' lang='grc' dir='ltr'><strong><em>ἡδέως</em></strong></span> <span class='ocrx_word' id='word_1_242' title='bbox 633 3032 674 3099; x_wconf 88' lang='grc' dir='ltr'><strong><em>άν</em></strong></span> <span class='ocrx_word' id='word_1_243' title='bbox 695 3031 784 3118; x_wconf 81' lang='grc' dir='ltr'><strong><em>ὑμῶν</em></strong></span> <span class='ocrx_word' id='word_1_244' title='bbox 804 3029 983 3116; x_wconf 86' lang='grc' dir='ltr'><strong><em>άκούσαιμι</em></strong></span> <span class='ocrx_word' id='word_1_245' title='bbox 1002 3030 1153 3117; x_wconf 67' lang='lat' dir='ltr'><strong>velimr</strong></span> <span class='ocrx_word' id='word_1_246' title='bbox 1179 3050 1249 3121; x_wconf 75' lang='lat' dir='ltr'><strong>post</strong></span> 
     </span>
     <span class='ocr_line' id='line_1_30' title="bbox 161 3120 1249 3249; baseline -0.001 -49"><span class='ocrx_word' id='word_1_247' title='bbox 161 3136 301 3201; x_wconf 88' lang='grc' dir='ltr'><strong><em>Πεισίου</em></strong></span> <span class='ocrx_word' id='word_1_248' title='bbox 322 3133 409 3201; x_wconf 88' lang='lat' dir='ltr'><strong>addi.</strong></span> <span class='ocrx_word' id='word_1_249' title='bbox 455 3132 493 3199; x_wconf 84' lang='lat' dir='ltr'><strong><em>G</em></strong></span> <span class='ocrx_word' id='word_1_250' title='bbox 515 3138 606 3200; x_wconf 84' lang='grc' dir='ltr'><strong>ΧΙΙΙ.</strong></span> <span class='ocrx_word' id='word_1_251' title='bbox 631 3133 722 3199; x_wconf 90' lang='grc'><strong>757.</strong></span> <span class='ocrx_word' id='word_1_252' title='bbox 747 3154 776 3200; x_wconf 88' lang='lat' dir='ltr'><strong><em>a.</em></strong></span> <span class='ocrx_word' id='word_1_253' title='bbox 804 3134 945 3249; x_wconf 80' lang='lat' dir='ltr'><strong>scriptor</strong></span> <span class='ocrx_word' id='word_1_254' title='bbox 973 3120 1249 3201; x_wconf 69' lang='lat' dir='ltr'><strong>demonstratarum</strong></span> 
     </span>
     <span class='ocr_line' id='line_1_31' title="bbox 142 3222 1250 3351; baseline -0.002 -49"><span class='ocrx_word' id='word_1_255' title='bbox 142 3309 145 3313; x_wconf 55' lang='grc'><strong><em>,</em></strong></span> <span class='ocrx_word' id='word_1_256' title='bbox 162 3242 216 3302; x_wconf 88' lang='lat' dir='ltr'><strong><em>est</em></strong></span> <span class='ocrx_word' id='word_1_257' title='bbox 237 3236 453 3303; x_wconf 75' lang='lat' dir='ltr'><strong>sententiam.</strong></span> <span class='ocrx_word' id='word_1_258' title='bbox 488 3222 603 3300; x_wconf 85' lang='grc' dir='ltr'><strong><em>Αν</em></strong></span> <span class='ocrx_word' id='word_1_259' title='bbox 568 3258 623 3299; x_wconf 90' lang='grc' dir='ltr'><strong><em>ουν</em></strong></span> <span class='ocrx_word' id='word_1_260' title='bbox 644 3232 702 3300; x_wconf 90' lang='grc' dir='ltr'><strong><em>τὸν</em></strong></span> <span class='ocrx_word' id='word_1_261' title='bbox 718 3234 848 3324; x_wconf 78' lang='grc' dir='ltr'><strong><em>Ἔρωτα</em></strong></span> <span class='ocrx_word' id='word_1_262' title='bbox 869 3258 935 3298; x_wconf 90' lang='grc' dir='ltr'><strong><em>των</em></strong></span> <span class='ocrx_word' id='word_1_263' title='bbox 953 3228 1186 3351; x_wconf 72' lang='grc' dir='ltr'><strong><em>νενομισμένων</em></strong></span> <span class='ocrx_word' id='word_1_264' title='bbox 1205 3258 1250 3300; x_wconf 74' lang='grc' dir='ltr'><strong><em>τε·</em></strong></span> 
     </span>
     <span class='ocr_line' id='line_1_32' title="bbox 161 3330 1248 3425; baseline 0.003 -27"><span class='ocrx_word' id='word_1_265' title='bbox 161 3335 231 3417; x_wconf 77' lang='grc' dir='ltr'><strong><em>μῶν</em></strong></span> <span class='ocrx_word' id='word_1_266' title='bbox 252 3332 472 3419; x_wconf 81' lang='grc' dir='ltr'><strong><em>ἐκβάλλωμεν,</em></strong></span> <span class='ocrx_word' id='word_1_267' title='bbox 515 3331 586 3399; x_wconf 79' lang='grc' dir='ltr'><strong><em>ούδύ</em></strong></span> <span class='ocrx_word' id='word_1_268' title='bbox 571 3336 663 3412; x_wconf 79' lang='grc' dir='ltr'><strong><em>ύτῆς</em></strong></span> <span class='ocrx_word' id='word_1_269' title='bbox 680 3332 873 3425; x_wconf 69' lang='grc' dir='ltr'><strong><em>Ἀφροδιτης</em></strong></span> <span class='ocrx_word' id='word_1_270' title='bbox 893 3332 981 3400; x_wconf 86' lang='grc' dir='ltr'><strong><em>κατά</em></strong></span> <span class='ocrx_word' id='word_1_271' title='bbox 1000 3330 1114 3423; x_wconf 78' lang='grc' dir='ltr'><strong><em>χώραν</em></strong></span> <span class='ocrx_word' id='word_1_272' title='bbox 1131 3334 1248 3417; x_wconf 79' lang='grc' dir='ltr'><strong><em>μεταλ·</em></strong></span> 
     </span>
     <span class='ocr_line' id='line_1_33' title="bbox 162 3430 1247 3522; baseline -0.002 -19"><span class='ocrx_word' id='word_1_273' title='bbox 162 3460 225 3503; x_wconf 90' lang='grc' dir='ltr'><strong><em>σιν.</em></strong></span> <span class='ocrx_word' id='word_1_274' title='bbox 270 3435 385 3520; x_wconf 83' lang='lat' dir='ltr'><strong>Pergit</strong></span> <span class='ocrx_word' id='word_1_275' title='bbox 406 3434 527 3519; x_wconf 84' lang='lat' dir='ltr'><strong>igitur.</strong></span> <span class='ocrx_word' id='word_1_276' title='bbox 572 3433 654 3501; x_wconf 81' lang='grc' dir='ltr'><strong><em>Ούδί</em></strong></span> <span class='ocrx_word' id='word_1_277' title='bbox 639 3433 748 3522; x_wconf 75' lang='grc' dir='ltr'><strong><em>ίγάρ</em></strong></span> <span class='ocrx_word' id='word_1_278' title='bbox 770 3433 857 3500; x_wconf 76' lang='grc' dir='ltr'><strong><em>τοῦτ’</em></strong></span> <span class='ocrx_word' id='word_1_279' title='bbox 881 3438 969 3501; x_wconf 77' lang='grc' dir='ltr'><strong><em>ἐστὶν</em></strong></span> <span class='ocrx_word' id='word_1_280' title='bbox 989 3440 1110 3515; x_wconf 72' lang='grc' dir='ltr'><strong><em>είπελν,</em></strong></span> <span class='ocrx_word' id='word_1_281' title='bbox 1138 3430 1191 3501; x_wconf 76' lang='grc' dir='ltr'><strong><em>ὅτι</em></strong></span> <span class='ocrx_word' id='word_1_282' title='bbox 1211 3434 1247 3517; x_wconf 77' lang='grc' dir='ltr'><strong><em>τῷ</em></strong></span> 
     </span>
     <span class='ocr_line' id='line_1_34' title="bbox 160 3534 1276 3624; baseline 0 -21"><span class='ocrx_word' id='word_1_283' title='bbox 160 3539 220 3621; x_wconf 78' lang='grc' dir='ltr'><strong><em>μὲν</em></strong></span> <span class='ocrx_word' id='word_1_284' title='bbox 235 3535 353 3623; x_wconf 81' lang='grc' dir='ltr'><strong><em>Ερωτι</em></strong></span> <span class='ocrx_word' id='word_1_285' title='bbox 375 3536 593 3624; x_wconf 82' lang='grc' dir='ltr'><strong><em>λοιδοροῦνταί</em></strong></span> <span class='ocrx_word' id='word_1_286' title='bbox 610 3560 701 3616; x_wconf 83' lang='grc' dir='ltr'><strong><em>τινες,</em></strong></span> <span class='ocrx_word' id='word_1_287' title='bbox 722 3534 789 3602; x_wconf 80' lang='grc' dir='ltr'><strong><em>ἀλλ’</em></strong></span> <span class='ocrx_word' id='word_1_288' title='bbox 815 3534 990 3616; x_wconf 82' lang='grc' dir='ltr'><strong><em>ἀπέχονται</em></strong></span> <span class='ocrx_word' id='word_1_289' title='bbox 1011 3538 1142 3615; x_wconf 71' lang='grc' dir='ltr'><strong><em>ἐκείνης.</em></strong></span> <span class='ocrx_word' id='word_1_290' title='bbox 1183 3534 1247 3603; x_wconf 83' lang='lat' dir='ltr'><strong><em>ne-</em></strong></span> <span class='ocrx_word' id='word_1_291' title='bbox 1270 3536 1276 3547; x_wconf 81' lang='grc'><strong>’</strong></span> 
     </span>
     <span class='ocr_line' id='line_1_35' title="bbox 161 3634 1247 3722; baseline -0.003 -16"><span class='ocrx_word' id='word_1_292' title='bbox 161 3640 218 3706; x_wconf 89' lang='lat' dir='ltr'><strong><em>het</em></strong></span> <span class='ocrx_word' id='word_1_293' title='bbox 238 3643 345 3704; x_wconf 90' lang='lat' dir='ltr'><strong>autem</strong></span> <span class='ocrx_word' id='word_1_294' title='bbox 368 3637 476 3722; x_wconf 86' lang='lat' dir='ltr'><strong>potius</strong></span> <span class='ocrx_word' id='word_1_295' title='bbox 505 3638 700 3702; x_wconf 87' lang='lat' dir='ltr'><strong>contrarium</strong></span> <span class='ocrx_word' id='word_1_296' title='bbox 728 3636 794 3703; x_wconf 85' lang='lat' dir='ltr'><strong>dici</strong></span> <span class='ocrx_word' id='word_1_297' title='bbox 822 3643 855 3703; x_wconf 88' lang='lat' dir='ltr'><strong><em>et</em></strong></span> <span class='ocrx_word' id='word_1_298' title='bbox 882 3634 1058 3703; x_wconf 77' lang='lat' dir='ltr'><strong>affirmari:</strong></span> <span class='ocrx_word' id='word_1_299' title='bbox 1098 3636 1165 3705; x_wconf 82' lang='lat' dir='ltr'><strong><em>hae</em></strong></span> <span class='ocrx_word' id='word_1_300' title='bbox 1194 3634 1247 3705; x_wconf 75' lang='lat' dir='ltr'><strong><em>u&#39;ri</em></strong></span> 
     </span>
     <span class='ocr_line' id='line_1_36' title="bbox 162 3736 1248 3825; baseline 0.002 -20"><span class='ocrx_word' id='word_1_301' title='bbox 162 3755 368 3825; x_wconf 75' lang='lat' dir='ltr'><strong>manasse,</strong></span> <span class='ocrx_word' id='word_1_302' title='bbox 400 3739 572 3807; x_wconf 84' lang='lat' dir='ltr'><strong>nonnullas</strong></span> <span class='ocrx_word' id='word_1_303' title='bbox 604 3737 732 3824; x_wconf 88' lang='lat' dir='ltr'><strong>quidem</strong></span> <span class='ocrx_word' id='word_1_304' title='bbox 753 3739 906 3804; x_wconf 84' lang='lat' dir='ltr'><strong>Amorem</strong></span> <span class='ocrx_word' id='word_1_305' title='bbox 934 3736 1093 3804; x_wconf 76' lang='lat' dir='ltr'><strong>eonvieiia</strong></span> <span class='ocrx_word' id='word_1_306' title='bbox 1119 3738 1248 3825; x_wconf 78' lang='lat' dir='ltr'><strong>agitare,</strong></span> 
     </span>
     <span class='ocr_line' id='line_1_37' title="bbox 164 3836 1248 3927; baseline -0.003 -18"><span class='ocrx_word' id='word_1_307' title='bbox 164 3839 226 3909; x_wconf 82' lang='lat' dir='ltr'><strong><em>sed</em></strong></span> <span class='ocrx_word' id='word_1_308' title='bbox 248 3839 370 3908; x_wconf 78' lang='lat' dir='ltr'><strong>Veneri</strong></span> <span class='ocrx_word' id='word_1_309' title='bbox 392 3857 470 3904; x_wconf 85' lang='lat' dir='ltr'><strong>esse</strong></span> <span class='ocrx_word' id='word_1_310' title='bbox 493 3838 635 3906; x_wconf 84' lang='lat' dir='ltr'><strong>deditos.</strong></span> <span class='ocrx_word' id='word_1_311' title='bbox 679 3839 765 3905; x_wconf 90' lang='lat' dir='ltr'><strong><em>Nam</em></strong></span> <span class='ocrx_word' id='word_1_312' title='bbox 787 3839 842 3925; x_wconf 85' lang='lat' dir='ltr'><strong><em>qui</em></strong></span> <span class='ocrx_word' id='word_1_313' title='bbox 857 3838 969 3905; x_wconf 84' lang='lat' dir='ltr'><strong>Amori</strong></span> <span class='ocrx_word' id='word_1_314' title='bbox 989 3837 1153 3927; x_wconf 77' lang='lat' dir='ltr'><strong>inimicum,</strong></span> <span class='ocrx_word' id='word_1_315' title='bbox 1172 3836 1248 3905; x_wconf 79' lang='lat' dir='ltr'><strong>item</strong></span> 
     </span>
    </p>
   </div>
   <div class='ocr_carea' id='block_1_3' title="bbox 147 3936 1250 4128">
    <p class='ocr_par' dir='ltr' id='par_1_3' title="bbox 147 3936 1250 4128">
     <span class='ocr_line' id='line_1_38' title="bbox 147 3936 1250 4037; baseline -0.006 -27"><span class='ocrx_word' id='word_1_316' title='bbox 147 3941 261 4037; x_wconf 33' lang='lat' dir='ltr'><strong>&#39;etiam</strong></span> <span class='ocrx_word' id='word_1_317' title='bbox 283 3959 326 4006; x_wconf 91' lang='lat' dir='ltr'><strong><em>ex</em></strong></span> <span class='ocrx_word' id='word_1_318' title='bbox 347 3939 515 4007; x_wconf 80' lang='lat' dir='ltr'><strong>Plutarchi</strong></span> <span class='ocrx_word' id='word_1_319' title='bbox 537 3939 705 4008; x_wconf 82' lang='lat' dir='ltr'><strong>sententia</strong></span> <span class='ocrx_word' id='word_1_320' title='bbox 718 3939 841 4005; x_wconf 88' lang='lat' dir='ltr'><strong>Veneri</strong></span> <span class='ocrx_word' id='word_1_321' title='bbox 863 3940 917 4004; x_wconf 83' lang='lat' dir='ltr'><strong><em>est</em></strong></span> <span class='ocrx_word' id='word_1_322' title='bbox 936 3937 1095 4025; x_wconf 75' lang='lat' dir='ltr'><strong>inimicus.</strong></span> <span class='ocrx_word' id='word_1_323' title='bbox 1139 3936 1250 4007; x_wconf 69' lang='lat' dir='ltr'><strong><em>Smne</em></strong></span> 
     </span>
     <span class='ocr_line' id='line_1_39' title="bbox 161 4036 1250 4128; baseline 0 -22"><span class='ocrx_word' id='word_1_324' title='bbox 161 4042 276 4128; x_wconf 86' lang='lat' dir='ltr'><strong>igitur:</strong></span> <span class='ocrx_word' id='word_1_325' title='bbox 299 4036 366 4106; x_wconf 84' lang='grc' dir='ltr'><strong><em>ἀλλ’</em></strong></span> <span class='ocrx_word' id='word_1_326' title='bbox 392 4036 586 4121; x_wconf 78' lang='grc' dir='ltr'><strong><em>ἀντέχονται</em></strong></span> <span class='ocrx_word' id='word_1_327' title='bbox 607 4044 721 4125; x_wconf 83' lang='grc' dir='ltr'><strong><em>κείνης,</em></strong></span> <span class='ocrx_word' id='word_1_328' title='bbox 743 4039 817 4108; x_wconf 84' lang='lat' dir='ltr'><strong><em>sed</em></strong></span> <span class='ocrx_word' id='word_1_329' title='bbox 839 4036 1162 4107; x_wconf 72' lang='lat' dir='ltr'><strong>adhaerescunt</strong></span> <span class='ocrx_word' id='word_1_330' title='bbox 1180 4038 1250 4107; x_wconf 80' lang='lat' dir='ltr'><strong>iiii·</strong></span> 
     </span>
    </p>
   </div>
   <div class='ocr_carea' id='block_1_4' title="bbox 0 0 1306 4514">
    <p class='ocr_par' dir='ltr' id='par_1_4' title="bbox 0 0 1306 4514">
     <span class='ocr_line' id='line_1_40' title="bbox 0 0 1306 4514; baseline 0 0"><span class='ocrx_word' id='word_1_331' title='bbox 0 0 1306 4514; x_wconf 95' lang='lat' dir='ltr'><strong><em> </em></strong></span> 
     </span>
    </p>
   </div>
  </div>
 </body>
</html>
