2580 4514
530 206 599 280 ’-
678 231 718 293 rs
788 266 862 283 -.

155 404 223 470 ἐστὶ
245 396 323 486 πρὸς
343 398 419 479 τοὺς
434 395 605 488 Έλληνας,
624 395 741 478 σχεδόυ
762 394 917 477 ἀαηκοας.
961 396 1011 463 lbi
1032 397 1120 469 euim
1141 396 1242 483 vulgo

156 511 232 592 post
252 505 336 586 ἐμοῖο
356 502 484 616 legunt:
505 501 563 566 καὶ
583 502 654 583 περὶ
675 489 720 564 οἷο
739 495 885 583 ἡγοῦμαί
900 523 955 565 σοι
975 502 1136 617 πρακτέου
1156 497 1242 565 εἶναι

156 605 236 691 πρὸς
256 629 287 670 κ.
309 629 337 670 τ.
359 605 400 680 λ,
421 603 455 667 in
477 603 592 688 quibas
613 601 674 666 hoe
697 600 755 665 tibi
775 600 870 667 tacite
893 596 1116 688 concedam‚.‘
1092 601 1242 684 ηγοῦμαι

154 709 196 775 ab
218 709 397 791 interprete
428 721 506 770 esse
534 700 711 788 protectum
740 705 775 767 et
800 697 875 767 inde
902 698 1002 785 vulgo
1032 702 1130 767 etiam
1158 699 1243 801 εζται

155 828 215 895 pro
236 809 304 872 εστὶ
326 807 497 930 scriptum,
516 824 581 870 non
599 800 684 869 idem
705 795 814 867 tamen
835 801 894 867 tibi
915 800 957 869 de
978 802 1119 887 repetita
1139 784 1242 888 prire-

157 908 318 995 positione
338 908 408 992 περὶ
429 904 657 970 concesserim
701 903 859 977 Quamvis
886 905 973 969 enim
1000 903 1163 973 neminem
1191 903 1242 969 1ο-

30 1058 33 1069 .
123 994 135 1010 “
156 1009 247 1098 giat,
267 1013 344 1094 post
364 1003 467 1086 ἀλλὰ,
488 1003 523 1084 ἢ,
545 1003 588 1081 ὡς
619 1020 722 1090 saepe
743 1003 1017 1089 praepositionem
1038 1023 1102 1071 non
1116 1005 1243 1092 repeti,
1289 1010 1290 1088 1

158 1113 350 1188 tamennon
371 1107 476 1174 minus
497 1110 627 1172 constat
648 1103 921 1190 praepositionem
933 1106 1243 1175 cumrelativolouo
1289 1099 1290 1180 i

159 1207 410 1295 praepositionis
431 1226 502 1274 cum
529 1206 804 1284 demonstrativo,
832 1203 918 1292 quod
945 1225 967 1272 a
987 1205 1128 1273 relativo
1149 1207 1243 1273 exci-

16 1380 19 1392 ,
160 1310 280 1395 piatur,
297 1327 336 1373 *a
364 1306 502 1374 Graecis
532 1309 616 1394 poni.
662 1306 951 1381 VideBernlrard.
973 1307 1114 1392 Syntax.
1134 1325 1244 1392 graec

113 1474 116 1481 ,
162 1430 189 1496 p.
213 1407 304 1475 301.
336 1415 371 1476 et
397 1410 510 1476 confer
536 1417 668 1495 praeter
695 1409 830 1476 Archia.
861 1406 955 1489 134,
982 1405 1047 1475 87.
1075 1407 1111 1488 ἐξ
1136 1397 1184 1475 ὦν
1211 1405 1272 1473 δ’·

159 1508 243 1575 ἔνιοί
266 1535 347 1586 τινες
373 1507 665 1594 συμβουλεύουσιν,
694 1511 737 1578 de
766 1511 855 1576 Pace
888 1506 983 1591 164,
1012 1506 1076 1576 26.
1104 1508 1243 1577 Pautalia

154 1608 261 1704 242,
282 1609 347 1678 47.
378 1607 477 1692 246,
508 1606 572 1675 68.
603 1594 705 1700 248,
738 1605 801 1675 79.
832 1606 937 1695 Evag
961 1608 1057 1692 197,
1078 1608 1144 1679 42.
1172 1611 1246 1679 Au·
1289 1674 1290 1701 3

160 1711 218 1776 tid.
249 1709 347 1793 313,
374 1709 434 1777 17.
483 1709 522 1776 ld
544 1716 579 1774 ut
583 1711 805 1798 explicarent
826 1711 978 1783 videntur
998 1712 1052 1778 hic
1079 1713 1245 1798 interpre-
1289 1714 1290 1720 ’

160 1820 214 1877 les
234 1808 375 1894 ἡγουμαι
401 1810 657 1878 addidisse.·-
701 1808 824 1891 Quodsi
852 1808 925 1895 85,
952 1810 1013 1878 14.
1041 1832 1155 1879 omues
1175 1813 1247 1881 libri

162 1914 218 1978 καὶ
241 1909 332 1976 corilo
352 1908 424 1991 ἐξὸν
452 1917 598 1998 tuentur,
641 1911 723 1983 ferri¹
747 1912 875 1998 quidem
903 1858 956 1979 iiic
986 1915 1091 1982 hiatns
1120 1933 1183 2001 per
1209 1933 1246 1983 se

26 2005 44 2031 ⁸
112 2004 116 2011 ’
164 2018 293 2100 potest,
323 2013 424 2080 habet
445 2020 554 2082 tamen
574 2033 635 2099 qno
659 2011 800 2080 offendat
822 2015 929 2094 locus,
955 2016 1031 2101 qnia
1050 2013 1123 2094 ἐξὸν
1144 2012 1268 2082 ἅσσα--

161 2117 258 2191 (ieron
279 2115 439 2201 interponi
461 2114 557 2195 solet,
580 2111 647 2179 vid.
672 2113 795 2197 Paneg.
820 2111 885 2203 68,
910 2113 1138 2198 133.,Ηο1οη.
1156 2113 1246 2199 299,

163 2209 200 2278 9.
234 2214 347 2280 Antid.
371 2215 470 2302 317,
499 2211 561 2279 34.
568 2261 578 2302 ,
608 2213 642 2278 id
664 2212 750 2300 qnod
772 2213 833 2278 hoc
853 2215 887 2280 in
908 2214 979 2280 loco
1001 2218 1098 2280 etiam
1127 2218 1245 2281 factum

163 2336 240 2382 esse
263 2336 302 2382 eo
325 2316 532 2383 verisimilius
555 2319 623 2398 est,
667 2313 741 2399 quia
762 2313 865 2387 uerba
887 2314 1044 2380 rationem
1066 2317 1244 2405 continent,

161 2433 218 2481 cur
239 2415 293 2501 qui
314 2412 439 2498 legibus
461 2422 496 2480 et
516 2415 675 2482 institutis
697 2414 832 2500 publicis
853 2421 1027 2480 teneantur
1042 2416 1151 2483 ,minus
1179 2417 1246 2504 apti

160 2514 205 2582 ad
226 2534 295 2581 rem
316 2533 410 2601 quam
431 2515 569 2583 suadeat
588 2512 766 2607 gerendam
787 2514 854 2578 sint
877 2520 912 2578 et
932 2515 1007 2600 quia
1026 2515 1061 2578 in
1093 2515 1134 2578 iis
1166 2534 1246 2601 qnae

163 2620 356 2695 sequuntur:
400 2615 448 2678 ίτι
475 2614 510 2677 δὲ
536 2613 619 2676 πολὺ
640 2617 908 2692 καταδεεστέρους
930 2611 1132 2684 carcrisiam
1154 2613 1259 2681 obiess'

163 2713 249 2774 ctum
270 2713 429 2795 estquod
450 2709 485 2774 in
507 2709 662 2796 iis'quae
683 2711 796 2776 verbis
816 2712 874 2790 καὶ
895 2705 988 2776 οὐδὲν
1007 2732 1038 2775 a.
1051 2733 1080 2774 τ.
1097 2711 1128 2776 λ.
1149 2721 1245 2782 anto-

50 2827 52 2833 ’
163 2812 355 2895 cesserunt,
397 2810 444 2874 ita
471 2816 507 2876 ut
527 2810 648 2877 verba:
695 2808 786 2877 οὐὸὲο
813 2810 886 2892 ἐξὸν
906 2849 950 2887 -,
969 2808 1245 2900 προσταττόμενα

163 2907 390 2993 parenthetice
412 2915 448 2974 et
469 2909 654 2994 explicandi
676 2928 775 2975 cansa
796 2909 909 2976 addita
930 2911 1004 2976 siut
1033 2946 1074 2959 -
1108 2913 1148 2979 ln
1169 2932 1246 2981 ven·

164 3006 215 3073 bis
238 3007 376 3093 denique
398 3027 483 3094 qnae
505 3004 577 3096 89,
600 3006 665 3075 38.
687 3010 854 3095 teguntur:
876 3006 955 3093 ὁρᾶς
976 3007 1007 3074 δ’
1031 3008 1074 3087 ὡς
1094 3016 1246 3081 τεταλαι-

163 3105 325 3197 αώρηυται
346 3106 402 3174 δια
421 3105 480 3174 τὸυ
501 3105 640 3190 πόλεμον
661 3111 719 3175 καὶ
740 3105 783 3185 ὡς
803 3112 1032 3194 παραπλησίους
1052 3101 1166 3190 ἔχουσι
1180 3123 1246 3191 τοῖς

165 3210 233 3292 ἰδία
259 3215 455 3292 μαχομίοοις
481 3211 642 3294 conjicere
663 3211 780 3297 aliquis
802 3211 923 3297 poterit
943 3211 1081 3280 alterum
1101 3209 1146 3294 oio
1171 3232 1247 3281 esse

165 3307 344 3376 delendum.
387 3309 570 3377 Non'enim
592 3310 655 3378 duo
676 3315 773 3380 affert
800 3317 1008 3396 argumenta,
1038 3332 1095 3379 our
1123 3313 1249 3402 Philip-

166 3431 227 3499 pus
261 3412 323 3476 sibi
351 3409 498 3478 Graecos
528 3411 623 3479 facile
653 3413 825 3480 conciliare
853 3415 976 3501 possit,
1003 3413 1137 3481 alterum
1166 3412 1248 3501 qnod

166 3513 319 3579 miserimi
339 3514 406 3578 sint
432 3519 467 3577 et
484 3512 621 3580 alterum
642 3513 727 3600 quod
744 3515 867 3582 similes
888 3517 1040 3603 privatim
1058 3515 1248 3603 rixantibus,

167 3613 229 3680 sed
241 3614 274 3679 id
297 3615 404 3701 potins
422 3621 532 3679 orator
551 3613 638 3680 vult:
661 3614 736 3700 quia
754 3617 886 3681 summis
904 3620 1090 3703 premuntur
1107 3615 1248 3683 miseriis

168 3715 293 3780 similes
308 3719 384 3781 sunt
398 3715 549 3802 privatim
560 3715 773 3799 litigantibus.
809 3718 902 3793 Quae
913 3719 944 3784 si
956 3736 1039 3785 vera
1051 3721 1139 3804 sunt,
1160 3717 1247 3785 alte·

119 3807 120 3810 ’
167 3834 238 3881 rum
251 3811 293 3889 ὡς
307 3817 428 3880 rectius
442 3815 557 3882 aberit.
580 3813 715 3884 Similes
728 3817 837 3885 hiatus
850 3838 935 3885 nunc
947 3823 1025 3884 sunt
1035 3815 1148 3882 remoti
1161 3812 1248 3900 199,
1289 3886 1290 3905 ,

169 3911 257 3980 132.
275 3914 326 3980 ubi
344 3936 404 4001 pro
419 3917 569 4003 vulgato:
591 3913 677 3982 ἀλλὰ
696 3925 914 4000 μεταυαστέοο
933 3919 991 3982 καὶ
1015 3913 1249 4004 incorporation

165 4035 252 4082 nune
267 4013 334 4081 ἀλλ’
350 4015 485 4108 οἳοαστρ.
497 4021 554 4104 καὶ
566 4026 785 4100 μεταυαστίοα
796 4019 916 4104 legitur
930 4016 1063 4106 ο1111,
1089 4016 1179 4083 145.
1195 4017 1248 4085 ubi

166 4115 388 4211 provulgata:
410 4119 467 4187 καὶ
479 4117 632 4206 ἀρίστους
644 4121 799 4206 scriptum
820 4128 890 4190 est:
912 4123 969 4189 καὶ
990 4117 1066 4196 τοὺς
1087 4114 1248 4205 ἀρίστους.
