2564 4508
465 179 733 244 ..173-

72 351 124 420 14.
146 347 231 429 αὕτη
252 345 324 416 ὑπὸ.
350 347 410 414 15.
433 350 723 435 προσομολογεῖται
745 343 885 415 ἅπαντα.
909 347 970 418 16.
981 352 1061 434 γυνὴ
1071 353 1147 423 ‘Ar-

10 494 14 557 γ
65 447 478 537 ιιμιιιονιδοιι-Ἁγαρίστη
507 446 612 529 ὄνομα
625 485 655 495 -
671 443 753 527 αὕτη
780 446 943 531 ἐμήνυσεν.
969 451 1030 518 17.
1061 461 1150 539 γίγς.

63 555 145 620 σθαι
164 549 305 634 ὲν-εγώ
327 540 421 628 rivet
443 550 491 614 sic
515 566 573 633 per
595 547 751 632 reliquam
774 546 961 618 orationem.

144 653 263 738 Neque
286 651 381 718 aliter
402 635 456 715 fes
478 649 630 714 hebetia
652 649 799 715 oratione
820 650 863 716 de
892 654 1038 728 reditu
1064 659 1150 724 scri-

60 761 137 841 pta,
180 753 214 817 in
237 771 300 837 qua
321 751 354 817 hi
376 752 527 834 leguntur
555 749 683 816 hiatus:
715 745 783 833 19,
809 749 842 815 1.
871 751 1036 841 πράγματι
1063 764 1148 824 οἱ-

59 857 201 933 ιιοιῆσαι
221 849 504 970 ἀγριθὸν-ιιοινι’
526 847 740 929 ἑστι-δήπου
760 847 893 932 ἀγαθὰ.
925 852 957 918 2.
990 847 1149 926 οὖτοιο.

60 954 131 1033 20,
157 951 189 1019 2.
214 951 278 1038 χρὴ
299 948 467 1034 ιἰγαθὸν
456 975 535 1034 εμον
520 948 875 1072 ἐπαύρεσθαι-ἤτοι
894 941 1150 1038 ἀμαθεστάτους

59 1055 389 1137 -ολμαθέστατοίλ
362 1076 430 1117 εσι.
455 1050 489 1115 3.
510 1048 655 1116 πόλει
620 1075 801 1132 ειεν-μου
822 1049 1151 1148 ἀπόρρητα-παρο-

58 1154 225 1276 γενιιμενοι
245 1150 432 1236 ἐλέγξοντες.
464 1150 499 1216 4.
529 1143 620 1216 οὗτοι
643 1149 827 1216 οὐκ-ὀἷοί
845 1159 973 1219 ελσιν-
938 1157 1151 1242 -δεξάμενοι

58 1246 277 1340 ὑμᾶς-οὖτοι
303 1259 377 1332 ιοἰ-
345 1250 580 1338 -φοβοὺμενοι
609 1251 844 1369 έλεγχον-ἧδρ
882 1253 1152 1336 ἀναισχυντεῖν-

58 1361 206 1443 διαφέρει
228 1360 333 1420 εἰπεῖν.
358 1353 390 1418 ὅ.
419 1357 516 1419 ιιαντὶ
548 1353 795 1432 ὀνειδιζειν-ελ
796 1351 887 1419 ιιόντι
916 1352 1028 1444 ὀρθῶς
1060 1363 1154 1428 δοκεῖ

58 1459 404 1546 εἰρῆσθαι-γίνονται
425 1452 698 1537 ἐπὶ-δυσπραξία
720 1451 795 1519 ἐστὶ.
814 1453 851 1520 6.
875 1463 987 1523 οἴκτου
999 1457 1077 1540 ἄξιοὶ
1091 1468 1153 1545 μοί

56 1557 187 1657 εστι7.
198 1557 262 1638 χρὴ
284 1551 525 1637 εἰπεῖν-μόνον
548 1552 912 1672 66666656-666616'
892 1570 1092 1630 αιιοιιτειναι.
1110 1561 1148 1629 8.

58 1645 131 1742 ἑγὼ
144 1655 199 1734 εἷς
223 1654 258 1722 9.
281 1655 362 1722 εἶναι
385 1652 773 1743 66666666-066666'
730 1657 1031 1742 γὶειιφειγοι-εμοῦ
1058 1660 1150 1752 6666-

59 1757 206 1841 ro-tyui
218 1755 457 1832 ἀθλιώτατος
470 1756 559 1820 ιιόλει
574 1747 793 1821 ιὶδὺνατον-λ
780 1760 920 1837 ἰαθῆναι
937 1758 1150 1848 ἄλλοις-ἐμῷ

60 1861 198 1946 αἰσχρῷ.
221 1856 293 1939 21,
317 1856 350 1923 9.
372 1854 476 1937 τούτῳ
500 1853 581 1936 ὑμᾶς
602 1861 637 1920 et
658 1858 707 1923 sic
729 1859 863 1945 relique.

149 1961 246 2027 Aliud
269 1967 375 2027 autem
396 1957 525 2025 dicendi
547 1975 651 2040 genus
673 1959 726 2023 est
754 1960 787 2023 iu
815 1961 963 2029 oratione
992 1964 1150 2034 adver-

60 2085 136 2132 sus
158 2060 430 2138 Alcibiadem,
454 2078 517 2124 non
540 2059 668 2146 quidem
690 2061 776 2148 tale,
807 2069 841 2127 ut
862 2065 1053 2149 scriptorem
1074 2068 1149 2136 hia-

18 2199 22 2202 ·
60 2173 131 2252 tum
151 2164 277 2249 fugisse
299 2163 415 2229 dicere*
431 2163 557 2249 possis,
579 2161 638 2228 sed
661 2167 768 2228 tamen
790 2163 1092 2258 ita-comparatum,
1114 2177 1149 2237 ut

60 2267 234 2354 pauciores
255 2265 363 2331 hiatus
385 2262 617 2350 quodammodo
640 2283 700 2328 soa
730 2269 848 2348 sponte
877 2264 909 2329 in
938 2286 977 2333 eo
1006 2271 1150 2339 exstite-

60 2370 137 2435 rint.
179 2363 350 2451 intelliges
378 2365 458 2451 hoc,
483 2365 512 2429 si
541 2365 598 2429 tibi
620 2383 661 2429 ex
685 2367 898 2453 paragraphis
921 2369 1037 2452 viginti
1065 2391 1148 2458 qua-

61 2477 137 2538 tuor
159 2469 266 2535 hiatus
288 2484 528 2534 enumeravero.
557 2461 628 2552 29,
652 2463 687 2530 6.
715 2469 906 2550 διέγνωσται
929 2467 1057 2554 ἄριστα.
1087 2471 1150 2553 39,

62 2572 100 2640 8.
124 2575 197 2656 ἐμοὶ
218 2567 612 2654 ἀναγκαῖον-κριθῆναι
635 2563 684 2632 οὐ.
716 2567 775 2632 12.
798 2569 920 2656 χρόνον
948 2574 1150 2651 ἐπιμελεῖται.
1242 2607 1246 2620 ·

65 2672 129 2740 13.
152 2675 245 2739 δοκεῖ
262 2669 423 2760 εὑρῆσθαι
444 2666 533 2751 αὐτῷ
555 2675 599 2733 tx.
632 2666 704 2755 31,
730 2670 791 2734 15.
820 2668 908 2753 δήμῳ
931 2673 1056 2736 ἔδωκεν.
1088 2669 1149 2738 16.

63 2786 205 2843 ποιεῖται
226 2770 342 2849 αὐτὸς,
372 2771 426 2836 ubi
448 2791 517 2836 cum
541 2769 692 2836 Dobreeo
715 2767 790 2845 τοὺς
812 2767 841 2833 δ
867 2784 925 2856 pro
947 2767 1045 2847 αὐτὸς
1066 2775 1151 2837 scri-

62 2878 202 2946 bendum
224 2894 306 2942 esse
324 2873 472 2954 videtur,
494 2871 610 2937 Reisk.
633 2873 772 2955 conjecit
793 2874 849 2937 καὶ
871 2870 1001 2956 αὐτοὺς,
1024 2872 1151 2940 Baiter.

63 2975 250 3098 6616566’,
290 2973 455 3059 Sauppius
476 2971 590 3050 αὐτὸς,
634 2969 752 3048 τοὺςδ
771 2979 857 3053 ,at
878 2975 955 3042 mihi
975 2972 1176 3060 pronomen'
1203 2991 1206 2997 '

63 3078 164 3159 αὐτὸς
184 3080 246 3144 hoc
268 3075 424 3164 quidem
416 3095 449 3140 ιιι
472 3075 542 3139 loco
565 3093 766 3159 nequequam
787 3079 896 3158 aptum
919 3077 1149 3151 essevidetur.

65 3182 127 3249 17.
151 3173 446 3260 ένειιιὲλει·αὐτῷ“
424 3200 475 3252 οις.
500 3171 559 3240 18.
582 3171 788 3252 τεταχθαι’
768 3182 931 3240 αιιοτῖσαι.
956 3173 1020 3242 21.
1042 3183 1151 3263 ιιρίται

62 3281 267 3367 ὑπέρχεσθαι
285 3274 502 3359 Ἀλκιβιάδην.
533 3273 601 3361 32,
625 3272 688 3338 21.
718 3271 835 3362 λα’θρρι
856 3273 1060 3354 ἀδικοῦντας.
1084 3276 1148 3344 22.
1181 3271 1184 3277 ’

62 3383 197 3470 ὑπάρχει
219 3379 319 3463 αὐτῷ.
345 3376 408 3444 23.
430 3375 520 3443 ιιὸλει
541 3372 897 3463 ὁρῶντες-πέπλασται
919 3374 987 3442 ὑιιὸ.
1010 3376 1074 3444 24.
1097 3403 1149 3462 γε-

62 3494 194 3570 γένηται
207 3481 320 3558 οὐδεὶς.
345 3479 437 3562 Quod
451 3479 548 3562 igitur
562 3476 618 3542 atii
630 3477 713 3541 satis
726 3496 888 3563 superque
905 3473 996 3568 (in''
977 3498 1028 3544 us
1031 3499 1149 3548 recen·
1243 3543 1245 3545 ,

63 3589 192 3656 tissime
203 3585 307 3651 Merer
310 3579 371 3671 os)
393 3581 667 3656 demonstrarunt,
689 3576 773 3643 hanc
795 3578 973 3644 orationem
994 3599 1057 3645 non
1072 3598 1151 3649 esse

64 3685 299 3763 Andocideam
321 3685 356 3750 id
372 3683 470 3750 etiam
485 3700 526 3746 ex
550 3679 610 3743 troc
633 3653 786 3743 dicendi
782 3696 904 3762 genere
926 3680 1148 3751 concluserim

149 3787 220 3856 Sed
248 3786 334 3852 idem
361 3785 458 3851 etiam
480 3778 688 3864 judicandum
715 3779 758 3844 de
786 3780 933 3846 oratione
968 3779 1017 3845 de
1051 3797 1162 3866 pace

62 3893 203 3978 scripta,
247 3889 280 3954 in
304 3907 371 4005 quoc
388 3885 447 3950 hos
469 3883 563 3998 teges
586 3879 709 3946 hiatusz
733 3876 804 3959 23,
826 3877 864 3944 4.
889 3877 995 3987 εἰρήνιγ
1015 3883 1148 3959 ἐγένετο.
1170 3880 1172 3885 ’

62 3990 132 4081 24,
161 3989 199 4058 4.
227 3988 335 4080 εἰρήνῃ
356 3984 422 4054 6-
431 3981 493 4066 ἐγώ
516 3978 599 4061 ὑμῖν.
624 3975 660 4043 6.
691 3968 820 4042 o6r6r
803 3988 926 4060 6616-
931 4000 1039 4063 γρονιμ
1061 3979 1148 4040 έστιν

65 4093 127 4158 16.
151 4091 270 4160 τούτου
289 4086 534 4173 ἀναμνήσθητε.
562 4079 623 4148 11.
647 4075 762 4144 ὁιιόσοι
784 4065 1010 4162 οὗν-πολέμῳ
1031 4082 1146 4143 έιιέτα-
