2580 4514
565 112 843 179 -476-

158 306 245 349 κατα
266 283 370 349 λίθου
388 282 542 361 πλατείας
569 286 818 363 καταχεαμένη,
861 278 993 363 ἐδέξατο
1020 280 1083 363 τὴν
1104 288 1244 371 γέρωοι,

157 382 243 452 άλλά
263 386 388 467 γέλωτα
409 379 620 460 πάσχουσαν,
642 378 736 459 ἠνία·
774 378 923 469 ἐξέφευγε
942 380 1009 467 γάρ
1032 382 1189 471 ὑγρότητι
1208 384 1239 453 td

158 482 324 564 ἐτνοςντὴν
346 481 524 563 λεπτότητα
545 486 604 549 τοῦ
626 479 789 564 στόματος
808 480 919 563 αὐτῆς.
942 486 1079 571 primum
1100 486 1177 553 iibri
1193 508 1244 553 ac·

158 594 358 667 ταχεαμένην
383 585 512 650 habent
556 583 797 649 Nominativum
824 584 905 651 dant
936 585 1046 651 Aaou.
1080 592 1119 655 et
1149 586 1244 679 Vale,
1282 620 1284 661 ς

157 689 212 773 qui
233 689 289 751 καὶ
308 693 448 767 χεαμένη
470 684 560 769 legit,
583 690 617 750 et
638 684 860 769 probaverunt
880 704 951 753 cam
963 684 1239 773 stephan-wilt
1282 680 1284 699 ¹

155 787 332 874 Wytlenb.
362 790 397 852 et
425 784 519 851 Hutt.
572 782 702 852 Deinde
727 785 858 866 ἐδέξατο
886 782 946 865 τὴν
975 795 1121 873 γέρανον
1147 788 1243 855 nullm

157 896 265 955 tuetur
288 889 392 972 liber,
435 885 494 951 sed
517 906 537 952 a
561 888 736 972 Wyttenl).
761 906 805 953 ex
827 888 928 955 Witt.
949 890 1095 975 exempl.
1119 898 1174 957 eat
1193 910 1242 959 τε·

156 996 295 1076 ceptum.
340 988 422 1052 'l'um
445 1005 503 1073 pro
524 990 649 1070 γελώτα
678 990 772 1057 Vulc.
802 990 990 1075 suspicatur
1015 992 1152 1073 γελοῖα,
1184 990 1242 1059 1ιέ-

155 1092 248 1172 dens,
271 1087 391 1175 aliquid
413 1088 464 1153 liic
486 1087 679 1170 desiderari,
701 1098 737 1158 et
758 1089 876 1177 Stepli.
898 1090 976 1177 quid
998 1110 1060 1177 pro
1082 1088 1173 1157 ἀλλά
1191 1108 1242 1159 τε·-

155 1188 335 1278 ponendum
364 1207 403 1255 se
431 1209 496 1255 που
524 1192 659 1277 assequi
691 1194 877 1275 conjectura
911 1190 1043 1257 latetur.
1090 1182 1237 1279 Denique

155 1291 229 1372 ἡνία
251 1292 345 1357 abest
367 1291 399 1355 ia
421 1290 496 1356 Ald.
517 1299 551 1358 et
573 1291 666 1371 Bac,
689 1312 752 1379 qua
776 1293 818 1359 de
841 1310 942 1357 caiisa
963 1292 1043 1379 Xyl.
1063 1292 1240 1381 adscripsit

155 1394 258 1460 locum
281 1411 359 1457 esse
380 1393 540 1458 vitiatum.
585 1394 760 1480 l’roposuit
789 1394 850 1459 hcc
880 1394 1013 1461 verbum
1043 1392 1158 1475 Vula,
1188 1394 1240 1461 sed

158 1502 233 1580 post
260 1499 410 1573 χεαμένη.
470 1491 540 1574 Quo
569 1494 687 1562 lactum
717 1502 771 1560 est
801 1502 836 1559 ut
864 1494 1023 1561 lteisaius
1053 1496 1238 1579 conjicerem

154 1601 379 1676 καταχεαμένη
399 1594 456 1658 καὶ
477 1596 635 1659 πεινῶσαν
656 1592 883 1681 άποπέμψασα
903 1593 961 1674 τὴν
981 1602 1141 1682 γέρανον,
1175 1592 1237 1677 ἅμα

152 1721 189 1762 τε
208 1699 333 1778 γέλωτα
354 1696 598 1779 παρασχοῦσαν.
622 1696 796 1782 Wyttenb.
818 1703 1047 1779 καταχεαμένη
1068 1692 1149 1777 ἡνία
1178 1690 1238 1779 άμο

153 1800 279 1880 μέλοιτο
298 1801 505 1881 παρέχουσαν
527 1803 561 1862 et
582 1798 615 1862 in
636 1796 735 1863 Witt.
758 1798 897 1883 exempl.
919 1798 1051 1883 legatur
1079 1802 1161 1885 post
1182 1820 1238 1863 ιιο-

139 1902 336 1978 -ταχεαμίνη
356 1892 485 1974 ἐδέξατο
506 1893 564 1973 τὴν
584 1903 722 1982 γέρανον
748 1899 875 1979 γέλωτα
900 1894 1134 1975 πάσχουσαν·’
1163 1896 1237 1985 ἐξίφ.

154 1996 230 2085 γάρ.
271 1996 368 2063 Unde
388 1994 481 2060 Hutt.
504 1996 606 2062 locum
628 2000 677 2064 sic
700 1998 807 2075 dedit,
830 2000 875 2065 uti
898 2018 998 2083 supra
1019 2018 1094 2066 eum
1118 1998 1237 2067 deacri-

154 2101 287 2187 psimus.
331 2097 377 2161 At
398 2114 459 2180 ego
485 2099 600 2182 paucis
621 2098 811 2184 quibusdam
825 2100 958 2164 mutatis
974 2098 1080 2165 locam
1097 2102 1150 2167 sic
1163 2100 1239 2167 ceri·

154 2207 241 2287 ptum
263 2198 366 2264 luisse
387 2215 530 2263 censeat
572 2188 617 2262 ὦν
637 2192 659 2277 ’ἡ
679 2199 736 2280 μέν
758 2197 817 2277 τὴν
836 2202 928 2275 ἐτνος
947 2222 979 2263 τι
999 2198 1143 2287 λιπαρὸν
1161 2196 1239 2267 κατά

153 2302 257 2368 λίθου
282 2302 436 2374 πλατειας
464 2306 731 2380 καταχεαμένην,
775 2296 861 2365 άλλά
897 2302 1024 2382 γέλωτα
1049 2298 1239 2383 πάσχουσαν

152 2400 248 2481 η’νία·
291 2397 439 2486 ἐξέφευγε
460 2396 525 2485 γάρ
546 2396 697 2485 ὑγρότητι
719 2396 757 2463 τὸ
779 2396 949 2478 ἔτνος-την
977 2400 1163 2481 λεπτότητα
1186 2402 1239 2493 τοῦ

152 2498 314 2582 στόματος
341 2498 449 2577 αὐτῆς.
496 2497 637 2579 Quorum
660 2502 831 2566 verborum
860 2500 1028 2567 sententia
1055 2502 1237 2571 haccepit:

153 2621 317 2687 quarum
340 2596 563 2691 (bestiarum)
585 2601 721 2666 altera
742 2597 908 2692 (vulpes)
929 2602 1122 2671 alteram·
1142 2620 1238 2693 quae

153 2702 306 2787 pultem
329 2708 488 2766 tenuem
511 2697 554 2792 [a
575 2701 674 2786 vulpe
696 2698 887 2793 acceptam)
908 2705 950 2769 in
970 2702 1158 2771 tabulam
1177 2704 1238 2771 el·

153 2800 369 2877 tundebat,
399 2802 470 2866 scd
495 2802 620 2868 risum
644 2803 907 2889 patiebatur,
936 2806 1124 2873 vexavit.
1166 2804 1238 2871 mt-

153 2902 257 2987 fugit
278 2901 384 2965 enim
407 2901 571 2988 iiqu'ore
593 2923 664 2969 suo
688 2904 823 2988 pultis
846 2910 1020 2990 propter
1049 2908 1237 2973 tenuita-

153 3010 234 3069 tem
255 3002 389 3067 rostri
412 3004 516 3086 ejus.
561 3004 643 3069 lbid.
667 3001 759 3069 615.
782 3023 811 3069 a.
845 3023 904 3090 pro
933 3006 990 3069 καὶ
1015 3002 1238 3095 καθύβρισται

153 3100 171 3170 ὁ
192 3097 352 3179 Διόνυσος
373 3102 514 3171 fortasse
535 3106 592 3169 καὶ
615 3103 633 3169 ὁ
654 3100 814 3181 Διόνυσος
834 3102 1061 3192 καθύβρισται
1081 3104 1143 3173 fult
1163 3106 1238 3173 eorl·

152 3211 249 3291 ptum.
306 3204 343 3267 ln
373 3201 507 3285 Quaest
537 3207 581 3270 ll.
611 3224 640 3270 c.
668 3206 710 3269 ll.
740 3203 831 3270 615.
859 3205 878 3270 f.
905 3206 939 3271 in
970 3206 1087 3272 verbis
1116 3204 1240 3273 Aemilii

151 3305 246 3370 Pauli
267 3304 376 3370 hiatus
397 3307 458 3369 τοῦ
479 3302 582 3369 αὐτοῦ
603 3300 721 3390 άνιλρός
743 3311 810 3371 ἐστι
832 3325 897 3371 non
919 3306 1064 3373 offendit.
1109 3306 1182 3375 Sed
1200 3308 1240 3373 ill.
1282 3340 1284 3365 ι

152 3403 242 3474 616.
266 3407 295 3473 t.
316 3406 350 3471 in
373 3404 501 3470 verbis:
545 3402 619 3470 οὐδὲ
639 3411 807 3492 προπίεται
827 3411 924 3491 ἑτέρῳ
945 3404 1007 3492 πρὸ
1028 3412 1144 3492 ἐτέρου
1161 3408 1239 3491 μάλ

151 3511 209 3574 λον
231 3503 249 3572 ὁ
270 3509 399 3585 έστιών,
421 3508 491 3589 περὶ
513 3507 546 3571 dd
568 3504 627 3582 τάς
648 3511 854 3583 κατακλίσεις
875 3504 1065 3591 παρόψεται
1086 3506 1148 3587 τὰς
1168 3510 1239 3577 δια·

151 3605 266 3697 φοράς,
288 3626 331 3671 ne
352 3605 464 3673 dubita
486 3606 562 3693 quin
584 3616 660 3694 post
681 3613 849 3695 προπίεται
870 3607 975 3675 addas
995 3610 1076 3697 μέν,
1097 3610 1239 3697 sequitur

151 3709 236 3777 enim
259 3709 328 3791 περὶ
350 3707 384 3772 δὲ·
405 3705 464 3784 τάς
485 3712 699 3786 κατακλίσεις.
743 3711 781 3775 ln
801 3706 875 3773 Aid.
899 3713 935 3774 et
955 3708 1045 3775 Bam·
1057 3717 1167 3777 autem
1184 3728 1239 3799 pro

148 3807 210 3896 πρὸ
232 3814 342 3893 ἐτέρου
362 3810 465 3874 minus
488 3809 570 3875 bene
593 3818 647 3876 est
666 3816 831 3898 προτέρου.
887 3807 925 3877 C.
947 3810 1008 3875 lll.
1031 3806 1125 3877 666.
1146 3810 1240 3881 din

150 3913 284 3980 verbis:
307 3907 383 3987 τοὺς
406 3907 630 3996 Θρασυμάχου
650 3906 909 3994 ὑπερβάλλοντας
932 3917 968 3978 ut
989 3912 1022 3976 in
1043 3912 1140 3979 tituto
1161 3930 1240 4001 ope-

150 4014 216 4101 ris,
237 4012 268 4076 in
291 4031 372 4097 quo,
395 4011 441 4077 uti
461 4011 633 4096 Xylander
654 4012 831 4099 explicuit,
853 4009 895 4079 de
917 4012 1118 4081 excellentia
1137 4012 1241 4081 centi-
