2580 4514
463 139 737 205 ..159-

50 310 152 380 viciis
158 356 168 390 ,
189 307 223 375 id
245 307 332 396 quod
352 305 737 395 Spengeliusopinotur,
766 285 827 377 sed
849 307 929 374 dicit
949 313 1145 388 ιιιιιιιιιιιιιιιι-ἱ

51 412 113 501 do,
135 411 310 495 Gorgiam,
331 409 561 496 Protagoram,
592 409 762 483 Zenonem
781 415 816 475 et
837 409 1006 475 Melissum
1020 404 1146 476 osten..
1239 438 1241 442 ·

53 513 163 591 disse,
201 511 366 600 possode
387 528 522 596 quaque·
536 529 573 576 re
595 513 693 575 etiam
714 510 890 577 falsissimo
911 511 1010 578 facile
1031 510 1145 597 dispu-

52 615 118 681 tari
146 614 188 679 ah
220 632 277 690 eo,
307 612 361 698 qui
389 611 519 676 dicendi
548 612 592 676 sit
624 631 756 696 gnarus.
822 609 953 697 Optime
983 612 1082 697 igitur
1099 613 1148 678 ¹in
1274 604 1276 609 ⁴

55 714 173 782 eadem
208 715 356 780 oratione
391 713 496 798 potuit
524 711 636 800 pergi,
678 712 783 796 magis
821 713 1021 798 probandum
1056 732 1147 794 esse,

55 813 141 903 quod
164 816 218 880 hic
239 816 292 881 vir
313 814 474 880 Helenam
501 812 564 878 sihi
591 812 785 879 laudandam
811 815 981 893 sumserit,
1023 826 1148 900 pecca·-

55 918 152 984 visse
173 915 336 982 tamenin
358 933 415 1001 eo,
436 913 521 1000 quod
543 914 653 999 potius
672 914 897 982 defensionem
918 913 1148 1003 quommodo-

56 1019 181 1084 ticnem
210 1015 388 1102 scripserit.
435 1013 543 1096 Quare
572 1014 634 1080 hoc
664 1015 904 1102 contenderim3
935 1036 1018 1103 quae
1047 1036 1147 1101 argu-

56 1131 168 1186 menta
208 1115 251 1183 ad
285 1117 481 1183 sententiam
514 1116 806 1204 comprobandum,
849 1118 933 1183 hanc
971 1119 1149 1184 orationem

57 1239 123 1286 non
146 1237 224 1285 esse
245 1217 412 1302 a'Gorgia
432 1217 628 1305 profectam,
670 1219 737 1282 sint
758 1217 874 1299 allata,
915 1238 978 1284 non
1001 1219 1048 1284 ita
1068 1236 1148 1284 esse

57 1324 264 1405 comparata,
294 1324 330 1384 ιιι
357 1317 390 1383 id
417 1319 523 1405 ipsum
552 1316 787 1403 comprobetur.
839 1314 1006 1383 Orationis
1034 1321 1150 1385 natura
1273 1343 1280 1364 ι

57 1422 170 1507 potins
191 1438 232 1486 ea
253 1425 324 1499 est,
360 1424 395 1484 ut
415 1420 547 1484 multum
568 1437 589 1484 a
610 1425 769 1485 consueta
791 1416 919 1486 dicendi
941 1420 1068 1486 ratione
1090 1438 1150 1487 se-

58 1521 179 1588 riorum
200 1521 392 1606 scriptorum
413 1520 556 1587 recedat
1145 1567 1149 1579 .

144 1621 184 1686 ln
221 1621 496 1688 Antisthenis
539 1621 736 1688 orationihus
774 1623 881 1688 hiatus
922 1642 986 1689 non
1021 1566 1150 1710 quidem

60 1741 202 1802 summa,
234 1721 294 1788 sed
317 1728 424 1789 tamen
447 1724 555 1811 aliqua
576 1743 654 1789 cura
676 1729 728 1790 est
750 1723 886 1790 vitatus.
929 1724 1044 1791 Habes
1066 1727 1154 1792 enim

59 1823 96 1888 in
118 1824 197 1938 ejus·
212 1823 260 1887 A
245 1842 342 1909 jace
364 1825 426 1890 hos
448 1825 573 1890 hiatus:
617 1822 720 1889 αὐτοῦ
741 1829 887 1916 ἐκφαίνει
909 1832 944 1891 et
968 1823 1058 1891 182.
1072 1821 1152 1904 dcxc)

60 1925 166 2004 ἐστὶν,
187 1924 222 1989 in
243 1915 379 2011 Ulyxe
404 1923 492 1990 182.
514 1922 681 1991 &honest
659 1948 800 2003 ακαντες
821 1923 887 2017 (N.
911 1921 997 2016 om.)
1016 1963 1056 1976 -
1063 1925 1152 1991 τού-

59 2047 121 2089 του
142 2030 258 2090 αἴτιον.
291 2023 395 2092 183.’
408 2024 641 2092 ἀναπαύωνται
663 2032 733 2093 οἰ-
701 2035 798 2094 -οἴει
819 2023 1033 2092 εἶναι-κακὼ
1055 2032 1153 2088 ἐναν

61 2148 209 2188 τιωτατω
221 2122 334 2198 αὐτοῖς
355 2125 425 2212 (ita
439 2147 458 2189 e
472 2125 519 2196 0.,
534 2129 632 2207 volgo
651 2129 788 2188 rectius:
810 2126 920 2187 κακῶν
932 2120 1153 2194 ἐναντιώτατα
1262 2204 1264 2207 ¹

63 2243 129 2289 scr.
162 2219 380 2288 roumrdzae’
413 2219 697 2317 αὑτ,)-νἰνὸρεία
726 2221 775 2288 οὐ.
819 2223 915 2290 Unde
943 2225 1155 2310 intelligetur5

61 2326 124 2391 has
146 2323 274 2411 quidem
296 2325 463 2391 orationes
485 2343 556 2389 cum
577 2325 610 2388 in
633 2330 820 2408 argumento
843 2326 927 2410 ipso,
950 2331 1016 2389 tum
1036 2327 1069 2391 in
1093 2327 1155 2391 hac

62 2425 230 2492 scribendi
250 2426 376 2491 ratione
398 2426 576 2490 simillimas
598 2444 675 2490 esse
697 2425 835 2490 orationi
857 2424 1155 2510 Pseudo-Gorgiae

62 2546 124 2614 pro
152 2525 339 2592 Palamede.
405 2527 565 2591 Videntur
592 2527 690 2610 igitur
719 2545 781 2592 eae
807 2525 954 2610 ejusdem
986 2526 1171 2614 ιειιιριιιίεῑἸ

60 2635 99 2695 et
120 2627 261 2693 fortasse
277 2628 380 2693 'etiam
401 2627 549 2710 ejusdem
570 2627 704 2692 scholae
725 2645 813 2692 esse.
858 2627 930 2690 Hoc
951 2633 1041 2691 certe
1063 2625 1156 2690 affir-

63 2729 241 2808 maverim,
271 2747 311 2794 eo
340 2736 507 2814 tempore,
536 2748 598 2814 quo
627 2727 844 2792 Antisthenes
875 2727 1013 2806 vixeritj
1048 2727 1156 2792 hiatus
1199 2784 1202 2790 .

66 2830 198 2896 omnino
219 2829 472 2914 ascriptoribus
494 2849 613 2917 prosae
636 2829 792 2894 orationis
815 2847 878 2892 non
901 2846 979 2894 esse
1001 2828 1156 2912 evitatus,

68 2930 134 2996 nisi
156 2929 197 2994 ah
217 2929 381 3016 Isocrate,
403 2931 437 2996 in
459 2930 576 3016 quaid
598 2933 703 3019 ipsum
724 2929 864 2995 manime
886 2927 1042 2995 laudatur.
1063 2926 1066 2986 ἶ
1088 2928 1156 2995 Du-

64 3030 186 3097 citavit
207 3032 306 3096 etiam
330 3030 372 3096 de
394 3031 435 3096 iis
458 3033 595 3098 rossus
617 3034 635 3097 1.
659 3033 679 3096 l.
703 3053 735 3116 p.
759 3027 844 3095 94..

154 3129 312 3216 Ejusdem
333 3135 531 3217 argumenti,
576 3133 636 3200 sed
659 3152 722 3198 non
745 3129 892 3215 ejusdem
913 3131 1048 3216 generis
1071 3133 1158 3198 scri-

67 3232 244 3302 bendi-est
265 3233 580 3300 Alcidamantis
608 3235 730 3317 oratio,
765 3229 962 3318 ‘Ulysses
987 3233 1157 3319 inscripta.

66 3335 107 3402 Ιιι
129 3354 171 3402 ea
192 3336 277 3401 enim
299 3334 425 3422 plurimi
446 3337 651 3420 reperiuntur
672 3335 814 3400 hiatnsz-
843 3331 934 3398 184.
957 3331 1018 3412 ἤδη
1038 3326 1158 3400 ἐνεθυ-

66 3434 387 3519 μήθην-γίνονται
408 3433 601 3519 dur-rouro)
630 3433 902 3520 οὐδεμία-φιλεῖ
924 3437 1159 3521 ἔριδας-νιν·Ι

67 3535 157 3619 ddum
178 3533 530 3620 ἐγινόμεθα-βάλλει
551 3532 810 3622 ἐγγὺς-γραφὴ
832 3532 1156 3612 ἐδήλου-συνέντα.

71 3636 165 3704 185.
188 3636 327 3726 θορύβῳ
348 3637 595 3713 ἔλαθεν-εικῆ
628 3631 728 3712 οὕτως
761 3632 825 3726 [vo
846 3632 987 3718 δόξωμεν
1016 3635 1163 3726 edricum]
1202 3680 1219 3700 ,

68 3773 110 3790 -
124 3735 237 3820 ταύτῷ
272 3732 661 3821 ιγενόμεθαὲκτοιούτου
702 3735 955 3821 aldono-idda
990 3740 1158 3824 ἒκ-χρῆ-

68 3840 158 3906 σθαι
187 3835 389 3923 ἡμᾶς-βέλη
418 3835 794 3920 &uehementer-trudat&
824 3837 1159 3924 αἴτιον-ἀφικομένῳ
1216 3874 1224 3886 ·

69 3937 309 4025 εὶς-ἐχρήσθη
330 3936 525 4022 ὑπὸ-αὐτῷ
547 3934 828 4021 ἔκγονος-αὐτοῦ
849 3935 1158 4024 crotonem-cique

67 4045 195 4106 mirere
216 4038 556 4128 οἴκαδε-ἀφικνεῖται
575 4035 889 4128 'Hormina-egentia
912 4035 1032 4120 ὁ-νεῴ
1055 4035 1159 4134 rino&
