2580 4514
87 1107 90 1111 -
182 1060 272 1127 Ante
295 1060 474 1130 Isocratem
496 1068 659 1130 oratorum
678 1063 837 1144 neminem
860 1064 1047 1145 exstitisse,
1077 1057 1184 1150 quiin

93 1161 188 1226 hiatu
210 1161 365 1228 evitando
387 1185 536 1250 magnam
558 1166 703 1252 posuerit
724 1185 846 1251 curam,
867 1183 887 1230 a
908 1183 972 1250 quo
994 1165 1090 1229 etiam
1109 1169 1185 1249 post

92 1261 184 1326 iilum
205 1261 335 1329 dicendi
356 1267 557 1350 praeclarum
577 1267 766 1346 magistrum
781 1271 914 1351 praeter
929 1263 1185 1328 Demosthenem

94 1368 247 1426 oratores
268 1381 311 1427 ex
333 1364 384 1446 iis,
403 1365 460 1450 qui
484 1365 586 1430 Attici
608 1366 766 1437 dicuntur,
788 1363 939 1431 Demade
959 1369 1098 1449 exorepto
1120 1382 1184 1428 non
1231 1415 1233 1423 .

93 1448 241 1546 prorsus'
249 1462 475 1544 abstinuerint,
497 1468 580 1531 satis
602 1466 679 1531 mihi
700 1465 946 1532 demonstrasse
960 1463 1084 1530 videor.
1112 1461 1182 1529 Se·
1212 1493 1214 1501 ¹

94 1562 204 1646 quitur
225 1568 260 1627 ut
282 1563 368 1628 idem
389 1565 432 1630 de
454 1564 619 1632 historicis
633 1567 772 1632 Graecis
794 1565 965 1631 ostendam
987 1564 1185 1650 doceamque

96 1662 157 1726 hos
181 1681 307 1749 quoque
328 1671 406 1730 ante
419 1665 602 1734 Isocratem
624 1666 751 1754 quidem
773 1667 881 1732 hiatus
902 1665 1088 1750 admisisse,
1109 1671 1185 1750 post

94 1771 298 1829 eumtamen
319 1783 423 1852 nsque
444 1767 488 1832 ad
508 1787 567 1833 eos
589 1769 643 1854 qui
665 1767 842 1853 Byzantini
872 1767 984 1832 vocari
1011 1765 1120 1831 soient
1150 1771 1184 1832 et

93 1882 176 1950 quos
198 1862 252 1928 hic
273 1866 423 1934 omittere
444 1868 550 1933 satius
570 1886 649 1933 esse
670 1867 766 1952 duxi,
789 1868 871 1933 alios
892 1867 1079 1952 diligentius
1101 1867 1184 1933 aiios
1229 1882 1236 1903 ¹

93 1964 313 2048 negligentius
326 1966 360 2031 in
373 1966 434 2032 hoc
445 1986 568 2052 genere
578 1968 658 2034 esse
669 1975 833 2035 versatos.
851 1967 969 2052 Neque
980 1967 1087 2033 muttis
1101 1985 1183 2053 opus

94 2070 148 2130 est
171 2065 302 2145 verhis,
347 2067 462 2152 quihus
484 2069 545 2152 tihi
565 2067 908 2154 persuadeamneque
929 2066 1183 2132 Herodotum

94 2183 201 2250 neque
214 2162 497 2253 Thucydidem
512 2168 943 2254 nequeXenophontem
960 2167 1001 2233 ad
1015 2168 1100 2234 hanc
1113 2187 1183 2233 rem
1202 2244 1206 2251 ι

93 2264 298 2347 attendisse,
320 2267 460 2333 evolvas
482 2286 605 2354 quaeso
628 2287 738 2334 eorum
760 2269 859 2333 iihros
879 2267 1039 2354 facileque
1059 2267 1182 2333 inteili-

92 2386 164 2452 ges,
187 2386 329 2432 summos
349 2368 411 2433 hos
433 2371 613 2454 scriptores
632 2367 758 2434 laudern
780 2369 814 2432 iu
835 2369 925 2434 hiatu
946 2367 1101 2434 evitando
1119 2386 1182 2433 nou

94 2468 313 2554 quaesivisse.
356 2467 410 2533 De
424 2467 699 2555 Xenophonte
720 2472 834 2534 tumen'
852 2468 913 2534 hoc
928 2473 981 2533 est
998 2466 1183 2532 addendum

93 2588 165 2634 eum
188 2569 222 2633 iu
243 2569 286 2634 iis
307 2588 391 2655 quae
411 2569 453 2634 ad
469 2567 706 2635 defendendum
720 2569 894 2635 Socratem
907 2567 1086 2653 scripserit,
1109 2566 1182 2632 dico

92 2669 167 2734 iihri
195 2669 443 2735 memorabilium
469 2688 539 2755 cap.
569 2669 702 2755 primum
734 2675 769 2734 et
795 2669 973 2736 secundum
1001 2685 1183 2733 sermonem

92 2769 189 2856 paulo
210 2771 396 2836 accuratius
418 2767 459 2835 ad
482 2780 585 2836 verae
605 2771 763 2835 orationis
784 2771 950 2855 exemplar
962 2767 1183 2835 conformasse

93 2878 130 2936 et
151 2890 194 2936 ea
215 2870 257 2936 de
278 2889 379 2936 causa
401 2870 497 2936 iniis
520 2872 689 2957 pauciores
711 2871 820 2935 hiatus
841 2869 1025 2936 admisisse.
1086 2897 1088 2900 >

180 2968 251 3036 Sed
283 2985 326 3037 ex
362 2970 535 3056 disciplina
557 2971 739 3058 isocratis,
780 2974 873 3055 cuius
904 2969 1017 3035 domus
1047 2976 1184 3036 cunctae

93 3070 257 3137 Graeciae
279 3072 373 3157 quasi
392 3072 488 3136 ludus
509 3071 637 3158 quidam
658 3071 761 3157 patuit
783 3077 882 3156 atque
901 3071 1031 3137 ohicina
1043 3070 1184 3158 dicendi,

93 3172 252 3256 cujusque
283 3190 303 3237 e
333 3171 407 3237 lodo
438 3178 599 3258 tamquam
622 3190 665 3238 ex
688 3191 772 3258 equo
793 3172 935 3255 'l'rojono
958 3173 1039 3238 meri
1060 3172 1183 3258 prinei-

92 3293 157 3360 pes
179 3273 341 3363 exierunt,
361 3273 481 3359 prodiit
502 3271 731 3358 discipuiornm
752 3272 1056 3358 praestantissimus
1069 3271 1182 3337 Theo-

91 3393 239 3462 pompus,
261 3375 315 3461 qui
333 3394 427 3460 quum
448 3373 582 3460 primum
602 3375 766 3441 oratoriae
785 3373 850 3450 arti
870 3391 1010 3458 operam
1023 3371 1184 3457 dedisset,

92 3483 213 3563 postea
233 3474 393 3541 suadente
415 3474 571 3560 magistro
593 3471 637 3538 ad
658 3474 826 3540 historiam
854 3491 892 3539 se
922 3472 1067 3539 contulit.
1111 3470 1184 3554 Qua

92 3577 126 3641 in
148 3574 325 3642 scribenda
344 3576 392 3642 ita
413 3581 467 3640 est
488 3581 661 3655 versatos,
704 3579 738 3640 ut
760 3591 887 3640 omnem
909 3573 1065 3640 orationis
1093 3575 1183 3641 coto-

91 3695 163 3743 rem
184 3675 226 3740 ab
246 3676 394 3743 Isocrate
416 3681 562 3742 sumeret
582 3676 666 3742 adeo
688 3659 836 3763 quidem,
866 3681 918 3759 ut,
950 3693 1035 3762 quae
1057 3675 1089 3739 iu
1111 3693 1183 3740 ma-

91 3777 198 3862 gistro
220 3776 502 3863 reprehenderent
522 3794 705 3855 censores,
741 3776 855 3841 eadem
877 3775 959 3842 vitia
980 3776 1012 3841 iu
1028 3772 1183 3865 disciputi

91 3877 226 3964 scriptis
259 3878 484 3945 invenirentur
519 3871 575 3968 (v.
604 3877 772 3944 Wichers.
802 3865 1003 3962 Theopomp.
1032 3896 1063 3960 p.
1086 3869 1173 3965 39.)

90 3977 165 4044 Huc
185 3983 295 4047 autem
317 3983 450 4066 praeter
470 3974 676 4061 Ciceronem,
715 3978 809 4061 cuius
836 3976 938 4044 verba
960 3975 992 4041 in
1014 3975 1186 4046 Prooemoi
