2564 4508
525 196 810 243 ..χῃ-

122 372 177 423 me
202 349 294 424 sorte
317 268 378 423 hie
401 347 475 424 illie
499 347 601 424 loeus
624 346 794 445 sugerit„
882 343 1021 420 eillitafi
1036 345 1203 421 humare«

121 467 156 539 id
187 465 359 543 condona.
411 465 523 556 Quam
548 465 688 541 veniam
712 464 889 541 etiam
930 462 1051 560 quis
1079 461 1203 562 judiei-

121 583 233 659 bus
222 611 257 657 nr
300 584 432 661 ceteris
469 583 560 658 loeis
599 608 656 660 me
687 606 773 659 esse
803 581 1064 682 impetraturum
1084 605 1204 684 ,spero

121 727 199 776 narn
225 702 259 776 si
284 700 368 800 quid
392 701 677 802 peccaverimuS,
711 709 749 774 ut
780 699 902 774 verbis
926 697 1111 796 Jaooosii‚
1146 699 1203 774 vir

118 842 205 895 vere
231 843 364 895 summe
388 818 603 894 venerabilis
627 826 716 910 utar,
741 815 834 915 quod
859 815 1005 890 difficile
1029 815 1203 891 estvitan

119 936 154 1009 irr
180 936 251 1012 hoo
275 935 452 1012 literarum
477 959 611 1035 genere
636 944 672 1010 et
696 935 732 1009 in
752 933 930 1034 ejusmodi
947 933 1048 1026 libro,
1073 933 1203 1010 venian

119 1062 342 1152 peecatorum
374 1054 477 1129 nobis
502 1053 632 1130 dabunt
664 1053 717 1146 ii,
769 1052 828 1151 qui
856 1076 928 1126 non
957 1066 1011 1127 'ex
1043 1074 1116 1126 uno
1155 1077 1203 1126 err

83 1170 230 1269 ⁴altero
254 1171 349 1269 loeo,
373 1170 409 1246 in
436 1194 504 1270 quo
529 1197 552 1245 a
581 1169 684 1247 nobis
714 1167 968 1247 disoedendum
999 1190 1089 1245 esse
1118 1168 1203 1244 arbi·

117 1295 274 1377 nentur,
325 1288 393 1364 sed
425 1313 474 1364 ex
507 1287 677 1365 universo
709 1287 799 1363 libro
824 1284 909 1386 quid
932 1284 1203 1388 praestiterimus

113 1403 331 1502 judicabunt„
381 1405 581 1482 Additurus
611 1415 727 1482 autem
752 1431 853 1498 sum,
885 1404 923 1481 si
943 1404 1036 1478 haee
1067 1428 1090 1477 a
1121 1402 1203 1479 viris

118 1520 236 1599 doctis
251 1525 397 1624 probata
411 1534 523 1618 erunt,
548 1514 692 1600 alteram
716 1522 897 1626 partem,
885 1548 923 1597 ιιι
947 1546 1017 1620 que
1041 1519 1088 1596 de
1113 1519 1203 1597 hiae

118 1639 154 1712 in
181 1641 312 1716 ceteris
338 1640 482 1740 graecis
507 1652 544 1718 et
571 1667 700 1743 prosae
732 1651 769 1718 et
796 1648 955 1744 poeseos
981 1637 1203 1757 scriptoribpr

119 1781 195 1831 sum
220 1755 471 1858 drsputaturus.
530 1757 737 1839 scribebam
760 1759 960 1859 Fribergae
990 1754 1025 1832 d
1052 1756 1103 1832 X
1094 1739 1203 1836 cal

120 1871 965 1954 OctobrMDCCCXh1
