2564 4508
279 182 502 229 Ι.

344 308 347 313 .
479 254 863 334 ,-1ο-,

179 450 192 485 ,·
229 423 268 488 lu
289 406 537 490 Archidamo
560 420 695 508 primum
716 425 772 487 est
792 418 906 486 vitium
926 418 959 485 io
974 417 1046 484 ioco
1062 412 1152 496 127,
1166 412 1231 482 52.

13 547 16 561 ’
56 532 58 537 ’
144 525 252 611 inquo
267 521 597 590 BekkerusBerolin.
618 522 709 588 solus
731 522 766 587 δὲ
786 514 1069 602 ὀνομαστοτάτους
1088 516 1236 604 scripsit,

144 644 216 690 com
245 625 350 690 ceteri
379 642 493 690 omnes
521 628 557 689 et
583 628 661 705 ante
691 627 830 708 etpost
857 619 1045 686 Beirkerum
1072 624 1164 685 recte
1197 620 1236 711 3,

143 724 235 808 ὁνομ.
258 716 412 799 habeant.
457 720 528 790 Sed
549 721 637 810 quod
659 722 701 790 de
723 722 886 801 hocloco,
907 720 993 787 idem
1014 725 1233 789 eststataen-

143 824 217 893 dum
242 822 333 906 123,
357 823 422 891 37.
441 823 495 890 ubi
517 823 645 910 quidem
667 841 780 889 omnes
802 822 836 887 δὲ
856 817 1079 905 ἀγνοουμένου
1097 820 1234 902 habent,

132 925 206 993 ,sed
234 926 345 993 hiatus
373 944 438 992 nou
459 925 565 994 minos
582 929 642 989 est
664 922 852 1001 tollendus,
892 939 988 1008 quam
1014 939 1035 987 o
1062 919 1209 988 Bekis
1198 940 1233 987 m

144 1026 302 1093 xxxvl.
322 1027 405 1093 locis
426 1025 490 1110 hoj-
511 1045 558 1092 or
579 1029 633 1091 est
654 1029 833 1110 correctae,
854 1041 936 1128 quos
958 1015 1236 1107 singulosatieira

51 1143 57 1165 ²
145 1145 196 1192 me
219 1125 352 1195 taedet.
360 1127 509 1213 Legitur
529 1131 638 1194 autem
658 1122 908 1214 apostrophus
898 1108 933 1189 ro'
953 1122 1015 1191 hoc
1035 1123 1137 1191 verbo
1146 1142 1235 1190 nuuc

143 1229 179 1294 in
200 1228 304 1294 LXV
325 1229 407 1311 iocis
429 1228 493 1329 huj.
517 1247 563 1294 cr
642 1292 646 1302 ,
1192 1242 1197 1259 ’

229 1327 328 1396 Aliud
365 1310 501 1414 vuig'ar'e
535 1329 647 1394 vitium
679 1324 933 1440 deprehenditur
960 1315 1068 1406 124,
1096 1321 1161 1390 43.
1198 1323 1233 1391 in

144 1426 301 1498 verbis
276 1452 359 1495 ωστε
381 1425 435 1494 ὀλί
433 1450 513 1511 μσς,
536 1446 620 1514 quoe
640 1427 757 1494 eodem
779 1424 910 1493 modo'
902 1444 936 1490 ro
967 1420 1045 1490 ὥστ
1079 1421 1127 1491 ὀλ.
1154 1433 1234 1493 sunt

143 1529 312 1607 mutanda,
340 1549 402 1616 quo
434 1527 533 1608 128,
555 1526 620 1592 60.
654 1529 821 1613 vulgatum
857 1522 939 1591 ὥστε
968 1549 1028 1591 ουν
1052 1533 1235 1595 correctum

95 1652 97 1667 ¹
143 1638 178 1699 et
199 1628 278 1698 ὥστ’
303 1627 364 1696 οὐκ
384 1634 439 1696 est
459 1631 623 1716 scriptum.
666 1629 803 1713 Legitur
823 1627 1042 1714 apostrophus
1058 1625 1149 1717 126,
1172 1626 1237 1706 22,

147 1732 248 1819 123,
263 1728 328 1796 36.
352 1727 449 1815 131),
470 1726 535 1794 67.
557 1727 621 1794 69.
645 1729 707 1796 70.
731 1729 826 1810 134,
848 1727 912 1795 87.
936 1726 1032 1808 135,
1055 1724 1120 1795 92.
1234 1753 1237 1759 ·

229 1828 366 1916 Corrige
389 1830 488 1897 etiam
512 1828 609 1915 131,
633 1830 697 1900 74.
726 1827 791 1897 ὅσοι
817 1829 878 1913 ἂν,
908 1830 992 1918 quod
1020 1831 1117 1896 simili
1138 1831 1235 1901 modo

146 1933 209 1999 erit
230 1929 480 2009 emendandum,
501 1931 550 1995 uti
570 1928 659 2015 121,
681 1929 743 1997 27.
764 1931 929 2016 vulgatum
950 1928 1104 1997 διακόσιοι
1123 1936 1180 2012 ihu
1201 1933 1236 2001 in

88 2092 98 2098 ,.
146 2028 286 2097 διακόσι’
312 2034 367 2109 ἔτη
388 2037 423 2097 et
449 2027 537 2110 131,
561 2029 622 2096 75.
643 2033 750 2119 ταῦτα
770 2029 825 2098 ἐολν
845 2033 879 2098 in
899 2029 993 2097 ταῦτ’
1018 2029 1084 2098 toio-
1111 2031 1237 2101 Omnes

144 2133 217 2199 iibri
239 2137 351 2198 contro
372 2127 461 2196 τοῦτ’
485 2130 716 2211 1111111131,
740 2130 804 2199 72.
846 2133 983 2200 Poterit.
996 2140 1104 2200 autem
1125 2136 1238 2204 hiatus

144 2253 185 2301 eo
209 2233 308 2298 tutius
331 2231 468 2316 corrigi,
491 2235 681 2318 quominus
703 2222 778 2320 quid
801 2233 911 2300 Urbin.
932 2234 1095 2316 habuerit,
1121 2235 1236 2323 liquet,

146 2329 211 2403 ὅσον
232 2333 317 2399 enim
338 2331 371 2396 in
393 2349 433 2398 eo
456 2331 527 2398 eod.
547 2353 568 2399 a
590 2341 775 2400 correctore
796 2341 860 2400 est.

228 2432 319 2499 Idem
340 2431 440 2500 debet
461 2432 532 2500 fieri
557 2431 645 2512 119,
672 2432 731 2500 17.
754 2435 806 2500 in:
828 2430 991 2521 ἀφίκοντο
1012 2440 1058 2512 εἰς
1072 2438 1236 2525 Δελφοὺς,

145 2533 198 2601 ubi
226 2534 378 2600 Ambros·
409 2538 454 2610 εἰς
480 2532 630 2622 Δελφοὺς
666 2533 827 2622 ἀφίκοντο
856 2537 956 2604 habet
968 2585 978 2618 ,
1022 2537 1116 2604 unice
1143 2558 1238 2618 vere,
1264 2542 1272 2565 ¹

145 2634 232 2725 quoii
256 2637 327 2720 jam
355 2633 508 2700 Baiterus
538 2635 641 2717 vidit,
684 2638 731 2703 ita
755 2645 790 2702 ut
806 2639 882 2722 jure
903 2639 1031 2705 mireris
1057 2640 1237 2711 aBaitero

145 2742 181 2804 et
201 2737 349 2822 Sauppio
371 2753 435 2803 non
456 2737 504 2802 ita
525 2739 603 2803 esse
626 2736 755 2805 editum.
797 2738 869 2807 Sed
896 2735 991 2818 119,
1016 2736 1076 2808 16.
1098 2741 1133 2806 io
1153 2762 1237 2809 ver-

145 2837 219 2902 bis:
262 2840 441 2915 ὲντίοτησθε
474 2833 524 2902 ὅτι
555 2859 618 2904 nou
647 2860 718 2905 cum
747 2839 871 2906 Baiter.
900 2847 936 2906 et
957 2838 1080 2928 Saupp.
1109 2843 1144 2908 in
1171 2850 1238 2910 not.

145 2935 325 3025 oportum
349 2933 416 3018 ὅτι,
460 2937 521 3004 scd
550 2957 620 3004 cum
641 2939 733 3004 libris
755 2941 896 3027 antiquis
919 2941 1106 3027 quibuscum
1129 2943 1239 3013 Vatic-

145 3037 242 3103 iacit:
265 3039 443 3116 ἐπίστησθε
465 3037 548 3104 διότι
570 3039 770 3124 scripserim,
793 3038 834 3106 de
856 3060 918 3127 quo
940 3043 1042 3108 verbo
1057 3043 1135 3110 vide
1150 3064 1248 3133 quiae¹

137 3145 332 3225 ¹soprasuot
348 3137 444 3212 dicta
467 3138 583 3206 Simile
602 3139 712 3205 vitium
735 3144 788 3203 est
809 3141 968 3206 subletum
984 3141 1074 3229 135,
1097 3141 1159 3212 95.
1181 3146 1237 3213 uhi

147 3259 205 3327 pro
226 3239 378 3325 vulgato:
399 3238 534 3316 τίνος
512 3263 555 3305 ουν
576 3236 799 3320 τολμήσειεν
782 3242 872 3321 ημῶν
893 3243 1007 3308 οἴεσθε
1023 3244 1136 3309 ἐλθεῖν
1150 3262 1238 3314 nuno

145 3337 236 3416 τίς
215 3364 257 3405 νυ
278 3340 391 3406 ἐλθεῖν
412 3337 597 3422 τολμήσειεν
618 3348 672 3405 est
693 3342 894 3425 scriptumst
979 3366 981 3373 ¹

230 3439 348 3506 Mirum
369 3460 463 3509 saue
473 3448 527 3507 est
549 3441 633 3528 quod
654 3459 675 3506 a
696 3439 852 3507 Bekkero
877 3439 973 3521 127,
994 3438 1055 3507 56.
1076 3449 1163 3530 tore,
1188 3445 1236 3512 οἵ·

146 3566 229 3619 τινες
249 3562 313 3609 uon
335 3552 389 3611 est
411 3544 626 3622 emendatum,
649 3563 837 3631 quamquam
861 3540 935 3607 Cor.
957 3548 992 3607 et
1013 3540 1114 3609 Dobr.
1135 3549 1238 3631 (quos
1274 3594 1277 3599 -

145 3661 250 3730 nuper
271 3642 356 3709 Bait.
384 3651 420 3710 et
441 3644 563 3730 Saupp.
593 3653 669 3711 suot
691 3647 814 3726 secuti)
849 3652 940 3711 recte
969 3649 1076 3724 ἐστιν,
1121 3646 1237 3726 οἵτινες

146 3743 278 3821 habent,
301 3745 347 3811 uti
370 3733 403 3810 iu
417 3744 540 3828 Paneg.
562 3743 624 3825 77,
650 3743 738 3812 176.
755 3749 824 3831 Jam
839 3744 980 3811 Woifius
995 3744 1238 3832 libromaotiqo.
1273 3760 1277 3771 ·

145 3848 223 3910 ἐστι’.
235 3841 259 3907 ἂ
272 3846 421 3909 correxit.
444 3841 492 3910 Cf.
510 3842 601 3929 118,
620 3841 683 3910 tu.
702 3841 793 3925 125,
806 3843 974 3926 48139,
987 3842 1050 3910 68.
1068 3843 1159 3932 135,
1171 3842 1238 3914 92.

229 3943 348 4009 Plures
383 3945 491 4012 hiatus
526 3945 588 4012 hac
623 3947 656 4011 in
688 3947 835 4014 oratione
869 3947 946 4012 facit
982 3945 1140 4032 particula
1168 3948 1249 4031 καί,

145 4043 238 4112 Unus
258 4041 386 4130 quidem
401 4047 470 4130 jam
492 4052 545 4112 est
566 4053 710 4112 remotus
737 4044 833 4126 134,
856 4044 920 4112 88.
939 4047 972 4111 io
995 4045 1125 4113 verbis:
1147 4040 1238 4115 ἀλλὰ

142 4140 222 4234 πρὸς
240 4151 310 4222 τοῖς
330 4142 441 4224 ἄλλοις
460 4149 518 4216 καὶ
545 4150 590 4224 εἰς
620 4141 743 4228 ὀνείδη,
772 4165 857 4233 quae
883 4165 967 4214 nunc
989 4145 1115 4232 scripta
1135 4152 1233 4217 sunit
