2564 4508
561 166 833 229 -116-

157 330 251 421 614,
273 330 338 399 67.
358 332 458 417 μιαρὰ
479 332 654 398 ἀδικοῦσιν.
679 330 769 409 615,
791 328 855 397 72.
876 329 1001 413 ζηλωτοὶ
1013 328 1244 420 ἐπιγράμματα

156 433 287 500 -δειυτί
308 433 588 518 ἀντεπιγέγραφεν.
610 430 708 512 616,
731 431 792 497 73.
814 429 885 519 ἱεροὶ
905 437 1043 498 εἰσιέναι.
1068 428 1130 499 74.
1151 432 1242 499 κατὰ

157 541 367 622 εἰργασμένοι.
389 533 486 613 618,
509 533 572 600 78.
594 532 665 618 ἱεροὶ
685 531 836 600 εἰσιόντα.

242 637 281 702 In
304 637 450 701 uiutiuue
472 642 586 700 contra
600 634 904 701 Aristocratem
925 652 1047 719 paucus
1067 632 1166 700 vides
1179 632 1242 701 ud-

159 736 278 803 missus
300 737 418 803 hiutuS.
461 736 597 819 Legitur
618 736 744 822 quidem
767 732 864 813 621,
889 735 921 798 1.
948 736 1018 819 περὶ
1038 730 1158 800 τούτου
1185 738 1247 817 μοί

158 842 246 903 ἐστιν
267 833 381 903 ἅπασα
402 835 422 914 ἡ
444 833 583 915 σπουδὴ,
627 837 688 903 sed
711 836 891 922 Dionysius
912 836 1039 920 Helie,
1081 836 1135 921 qui
1157 835 1243 902 hune

158 938 264 1005 locum
286 937 449 1017 laudavit,
471 945 547 1023 pest
567 934 686 1002 τούτου
706 938 806 1003 habet
825 938 951 1017 τοίνυν,
973 933 1058 1021 quud
1079 933 1244 1003 80111916-

158 1056 217 1105 rus
237 1039 270 1104 in
291 1039 392 1104 τανῦν
411 1040 527 1104 mutari
547 1038 619 1104 vuit
641 1044 676 1103 et
695 1040 819 1123 pergit:
841 1035 912 1103 ἐστί
929 1060 985 1118 μοι
1006 1032 1123 1101 ἅπασα
1141 1058 1243 1101 σπου·

159 1135 213 1219 δή,
241 1158 283 1205 ex
305 1139 419 1224 quibus
440 1138 533 1204 fuciie
554 1139 626 1224 quis
648 1139 845 1224 conjecerit,
873 1138 1027 1224 scriptum
1049 1138 1151 1203 tuisse
1171 1138 1244 1223 περὶ

159 1235 278 1307 τούτου
298 1242 354 1322 μοὶ
375 1242 433 1305 νῦν
455 1239 549 1317 (inde
570 1245 696 1317 τοίνυν)
718 1241 805 1303 ἐστίν
826 1235 941 1303 ἅπασα
967 1235 1101 1317 σπουδὴ.
1147 1238 1244 1303 Arti-

159 1340 263 1407 culum
285 1340 387 1409 umitti
408 1340 560 1426 probavit
582 1339 678 1404 etiam
700 1337 909 1405 Schaeierus.
933 1336 1024 1427 623,
1047 1337 1081 1405 7.
1104 1358 1170 1405 non
1190 1339 1244 1405 ci·

160 1439 279 1507 sendes
300 1441 333 1507 in
354 1437 547 1527 ψήφισματι
568 1435 662 1528 ὥστε,
683 1459 789 1526 neque
812 1437 848 1503 8.
868 1441 902 1505 in
924 1441 1103 1524 συμβέβηκε
1124 1438 1190 1523 γὰρ
1209 1444 1246 1505 dn

159 1538 278 1609 τούτου
300 1537 412 1616 αὐτοῖς
431 1542 503 1622 μίν,
546 1539 600 1604 ubi
621 1540 787 1607 Aristides
809 1547 918 1605 tumen
937 1541 1041 1605 verbu
1062 1544 1099 1603 ἰκ
1125 1536 1245 1605 τούτου

159 1642 286 1722 omittit,
315 1661 422 1727 neque
454 1637 551 1724 625,
580 1638 639 1704 15.
673 1642 707 1707 in
736 1637 1042 1724 συμπαρεσκεύασαν
1070 1636 1247 1722 ἄνθρωποι

159 1735 265 1818 ὅπως,
307 1741 362 1805 ubi
382 1741 479 1824 vulgo
501 1747 580 1805 ente
601 1740 716 1807 Reisk.
739 1740 1039 1825 συμπαρεσκεύασεν
1065 1736 1246 1825 ἄνθρωπος
1268 1744 1274 1751 “

158 1838 343 1922 legebatur,
388 1839 471 1925 quud
501 1847 610 1906 tumen
635 1860 707 1906 cum
728 1839 947 1916 καθιστάντες
969 1847 1003 1906 et
1024 1840 1165 1931 διδόντες
1185 1858 1243 1906 ee-

160 1946 291 2028 quutur,
332 1941 436 2005 minus
458 1942 575 2026 probo,
617 1944 765 2027 quumvis
786 1962 850 2009 uun
872 1941 1062 2025 negaverim
1084 1948 1161 2026 pust
1181 1938 1245 2007 ἄν·

159 2041 295 2122 θρωπος
316 2041 347 2105 si
367 2039 453 2105 idem
475 2041 638 2127 significat
659 2051 757 2129 atque
779 2047 843 2121 εἰς,
867 2042 1023 2129 piuruiem
1045 2042 1139 2127 sequi
1163 2060 1245 2128 pus-

160 2159 208 2206 se.
265 2138 392 2207 Eadem
420 2148 528 2207 tamen
558 2144 591 2208 vi
618 2141 672 2229 iiic
699 2142 816 2209 dictum
846 2149 898 2208 cst
924 2141 1114 2223 ἄνθρωποι,
1145 2138 1245 2229 ‘quud

160 2239 285 2325 plurimi
306 2247 341 2305 et
362 2241 475 2327 optimi
494 2249 622 2309 tuentur
643 2244 755 2330 codd,
777 2263 884 2331 neque
904 2251 958 2309 est
976 2262 1047 2308 cum
1062 2242 1244 2310 Schueietu

158 2341 192 2405 in
220 2336 391 2425 ἄνθρωποι
419 2342 613 2409 mutandum.
675 2343 801 2410 Eadem
836 2346 1004 2410 excusatio
1033 2349 1086 2408 est
1119 2343 1181 2408 17.
1211 2345 1245 2413 in

159 2443 288 2507 verbis:
323 2445 388 2507 τῶν
407 2445 464 2525 μὲν
485 2445 617 2529 ἐχθρῶν
637 2440 755 2526 ὁμοίοις
775 2442 851 2526 ἡμῖν
871 2468 906 2509 τε
926 2441 1065 2526 κὰκείνφ
1092 2430 1241 2509 οὐδέποτ’

159 2548 204 2618 εἰς
225 2543 301 2617 τοὺς
318 2539 488 2627 ἡμετέρους
509 2540 575 2623 ἥξει
596 2543 788 2627 συμμάχους
809 2543 920 2621 οὐδεὶς.
964 2547 1049 2609 Nam
1071 2543 1178 2609 dativi
1196 2546 1244 2611 illi

31 2650 33 2654 ’
158 2643 233 2724 ἡμῖν
255 2649 290 2707 et
309 2641 448 2726 κάκείνῳ
469 2652 624 2728 reguntur
647 2647 688 2711 ub
717 2648 849 2732 ἐχθρῶν
878 2652 912 2712 et
937 2653 1012 2711 suut
1045 2646 1092 2710 itu
1121 2647 1246 2712 inteili-

158 2743 267 2829 geudi‚
289 2745 382 2829 quusi
404 2745 558 2828 scriptum
580 2752 688 2811 essct:
709 2743 785 2828 ἡμῖν
805 2745 998 2830 ιεκάκείυφ
1012 2745 1124 2812 ὄντων.
1154 2746 1245 2815 Seu-

160 2845 225 2910 ties
247 2845 344 2928 igitur
365 2851 441 2928 post
462 2841 601 2925 κάκεινῳ
624 2865 738 2911 vuccm
759 2848 922 2932 pauiulum
952 2849 1129 2932 quiescere.
1152 2836 1244 2917 eeu

160 2940 331 3030 626,17.
353 2944 531 3030 quicunque
551 2943 594 3011 ud
616 2946 753 3029 optimos
774 2946 934 3013 referendi
953 2957 1029 3012 suut
1042 2947 1245 3017 Demosthe-

159 3045 212 3109 nis
233 3042 325 3109 cudd.
342 3043 463 3111 Bavur.
486 3046 569 3128 Aug.
584 3041 610 3109 1.
634 3043 839 3112 mulce
861 3054 928 3113 teti
950 3044 1037 3139 [scr.
1051 3046 1163 3143 ἐστιν)
1184 3068 1243 3137 pru

159 3152 208 3224 εἴη
228 3146 387 3233 praebent
408 3146 442 3211 in
464 3147 592 3211 verbis:
635 3144 758 3211 τούτων
778 3145 820 3212 ἄν
841 3155 888 3226 εἴη
910 3145 928 3213 ὁ
950 3149 1047 3212 τοῦτο
1069 3146 1108 3213 τὸ
1129 3148 1244 3237 ψήφι-

160 3269 229 3326 σμα
250 3246 423 3332 φοβηθείς.
466 3245 574 3313 Prote
596 3252 704 3313 eutem
726 3247 937 3315 indicativum
959 3254 1025 3314 tum
1047 3251 1122 3335 quic
1144 3268 1245 3337 supr·

161 3346 259 3413 etium
282 3347 365 3412 dixit
385 3342 466 3426 ἥξει,
490 3352 555 3413 tum
577 3350 652 3433 quic
674 3350 809 3415 consitio
832 3350 971 3416 ciutcris
992 3351 1096 3435 magis
1118 3370 1245 3419 convc-

159 3449 217 3527 nit,
236 3468 298 3533 ρνο
312 3452 402 3512 certo
423 3446 456 3512 id
478 3448 645 3514 affirmare.
689 3448 887 3517 Particuium
908 3449 955 3516 ἂν
976 3452 1101 3536 puteris
1122 3451 1165 3517 ad
1181 3476 1246 3540 φο-

157 3549 274 3631 βηθεὶς
287 3549 420 3629 referre,
445 3568 506 3634 quu
528 3551 627 3615 etiam
647 3552 876 3633 grammaticus
897 3552 930 3617 iu
952 3552 1023 3618 cod.
1037 3551 1084 3616 Σ.
1099 3552 1135 3617 iu
1155 3540 1252 3620 mur-⁸

158 3649 235 3734 gine
257 3648 383 3725 retulit,
405 3650 458 3734 qui
481 3670 538 3734 pro
559 3648 603 3715 εἰν
624 3653 759 3739 scripsit
780 3650 819 3729 δὴ
841 3659 972 3736 etpost
994 3653 1160 3738 φοβηθεὶς
1180 3652 1246 3720 ad·

159 3748 241 3814 didit
262 3745 311 3813 ἄν.
355 3746 420 3813 Est
442 3749 525 3815 idem
547 3769 587 3815 uc
608 3752 638 3816 si
660 3752 821 3818 dixissetz
863 3755 928 3817 τῶν
954 3750 1111 3837 ἡμετέρου
1139 3756 1245 3840 φιλο»

157 3852 242 3933 ἐστὶ,
264 3854 361 3924 εἴτις
381 3850 548 3935 φοβηθείη
568 3874 597 3917 τε.
619 3877 647 3917 τ.
670 3855 699 3917 λ.
743 3854 827 3919 Vide
849 3853 891 3919 de
912 3857 1023 3938 ejusm.
1045 3854 1106 3919 loc.
1130 3854 1245 3921 Hem.

158 3949 200 4017 de
222 3956 306 4035 part.
329 3947 371 4013 εἰν
392 3970 423 4034 p.
450 3947 514 4017 41.
536 3958 570 4017 et
590 3973 682 4038 sequ·
724 3956 800 4020 Non
822 3956 969 4021 offendes
996 3950 1095 4042 627,
1117 3950 1184 4019 21.
1211 3954 1244 4021 in

156 4051 312 4131 ποιοῦμαι
334 4046 353 4127 ἢ
376 4045 433 4128 οὐ,
461 4070 568 4138 neque
591 4049 692 4139 628,
715 4051 778 4120 26.
806 4056 843 4122 iu
863 4057 994 4123 verbis:
1035 4051 1080 4121 τὰ
1107 4056 1247 4121 τοιαῦτα
