2580 4514
380 98 1009 221 s-annssr‘

87 325 186 406 ptum
215 321 278 384 est
330 288 489 404 Equidem
519 317 602 382 vern‘
629 314 747 380 Φῶκον
777 313 899 406 (tilium
926 314 1176 412 ΡΙιουὶσυῐε)δ
1149 321 1188 387 dd

87 418 153 485 τὸν
173 415 247 484 υίάυ
267 418 466 502 βουλόμενον
486 414 721 498 &anachoretice
734 415 993 498 Παναθηναίοις
1007 419 1102 511 (ced.
1119 421 1187 487 nat.

88 517 173 607 παρ’
199 513 401 606 ἀθηναιοις)
421 513 631 601 ἀποβάτηνὲ
633 518 734 602 (μήνιεν
755 518 960 585 scribendum
988 538 1067 587 esse
1094 520 1187 601 duco,

86 627 126 687 ut
149 618 321 686 sententia
343 619 404 682 sit.
436 617 609 682 Phocum
638 617 770 684 fitium
801 639 911 686 suum
932 613 1191 711 (luxuriosum)

93 729 183 786 cum
212 722 376 784 certare
404 719 536 783 veliet
557 718 890 796 Panathenaeis‚
934 727 975 786 ut
1002 718 1188 787 desultu-

92 839 181 886 rem
200 816 279 908 (qui
301 837 397 883 curru
418 817 533 882 relicto
555 817 691 904 pedibus
713 826 749 886 et
771 838 867 885 cursu
884 821 1040 908 certaret,
1061 819 1187 888 61)ἰο-

95 939 173 1005 nys.
196 919 272 985 nat
295 917 428 1002 Antiqu.
451 917 547 984 Itum.
568 922 653 1007 Vll,
676 917 740 984 73.
769 927 804 985 et
825 919 967 1006 Xyiand.
990 927 1025 988 'et
1046 921 1187 1011 Kraner.

96 1020 143 1088 ad
165 1021 197 1086 h.
220 1015 265 1109 Ι.)
287 1017 459 1084 demisit
476 1016 525 1082 ad
547 1038 702 1104 corpus
724 1020 1017 1087 exercendum:
1040 1022 1136 1107 quod,
1158 1023 1189 1088 ai

93 1121 131 1187 in
153 1139 249 1184 curru
271 1119 375 1185 scium
398 1118 570 1196 certabat,
603 1121 708 1184 minus
731 1121 918 1187 exercebat.
965 1122 1081 1188 Potest
1103 1123 1188 1188 enim

92 1219 227 1306 quidem
247 1239 367 1304 graece
390 1221 471 1284 bene
493 1218 555 1283 dici
577 1215 812 1299 ἀγωνίσασθαι
834 1217 1005 1304 ἀποβάτην
1033 1223 1052 1288 i.
1081 1242 1112 1288 e.
1145 1230 1188 1288 ut
1263 1293 1267 1300 ,

93 1319 354 1386 desultorem
376 1327 564 1395 certare,
587 1318 621 1384 id
644 1319 728 1404 quod
745 1319 1007 1407 Jam=.Xyiander
1028 1329 1063 1387 et
1085 1341 1188 1408 nuper
1277 1406 1280 1410 ι

95 1419 269 1487 Kranerus
291 1427 382 1485 recte
403 1419 611 1508 affirmarunt,
633 1420 695 1485 sed
716 1440 768 1488 me
791 1421 832 1486 ad
855 1423 1072 1506 conjecturam
1089 1421 1187 1489 istam

95 1527 134 1588 et
155 1522 254 1610 iectin
277 1515 413 1586 numan
434 1527 470 1586 et
493 1510 599 1602 Φώκῳ
626 1528 662 1587 et
683 1541 724 1587 ea
752 1542 835 1608 quae
865 1528 1044 1607 sequuntur
1072 1541 1189 1588 mnve-
1233 1538 1235 1543 ’

96 1627 186 1688 runt
229 1622 300 1687 Huc
322 1620 407 1686 enim
430 1620 473 1685 nii
496 1625 548 1684 est
570 1621 755 1706 singulare,
783 1621 868 1707 quud
896 1629 991 1708 pater
1020 1621 1085 1688 tilio
1113 1641 1189 1690 cer-

97 1722 193 1788 tandi
215 1728 411 1808 potestatem
433 1721 466 1787 in
488 1720 729 1787 Panathenaeis
751 1720 861 1802 dedit,
884 1722 945 1787 hcc
967 1729 1076 1791 autern
1093 1723 1192 1790 vide-

95 1828 152 1888 tur
174 1823 278 1889 minus
301 1823 451 1890 usitatum
476 1821 599 1899 fuisse,
621 1821 747 1887 nubiles
766 1821 925 1888 currendo
947 1830 1098 1910 certare,
1128 1843 1190 1891 ne-

99 1940 167 2010 que
190 1929 243 2001 est
256 1922 422 2011 credibile,
443 1922 541 1988 tilium
561 1922 760 1989 luxuriosum
781 1922 814 1990 id
836 1925 940 2010 ipsum
962 1943 1109 2011 rogasse.
1152 1923 1189 1991 C.
1218 1950 1220 1955 ·

94 2022 208 2092 ΧΧΧ.
232 2021 323 2089 755.
345 2023 372 2089 c'.
396 2026 429 2088 in
450 2022 578 2090 verbis:
612 2017 760 2099 ἅπαντας
780 2020 965 2106 εἰσαγαγών
985 2023 1095 2103 ξένους
1115 2022 1191 2101 τούς

91 2119 295 2207 χορεύοντας
316 2122 434 2188 ἑκατὸν
457 2122 553 2198 ὄντας
574 2117 645 2204 ἅμα
674 2127 731 2188 καὶ
758 2123 816 2203 τὴν
842 2125 959 2206 ζημίαν
987 2121 1054 2190 ἀνά
1081 2127 1192 2204 χιλίας

97 2221 178 2310 ὑπὲρ
199 2221 339 2290 ἑκάστου
360 2221 539 2306 εἰσήνεγκεν
560 2228 605 2298 είς
625 2221 664 2288 τὸ
687 2226 855 2314 θέατρον,
899 2225 1005 2290 minus
1035 2226 1069 2292 in
1102 2226 1192 2292 hiatu

99 2323 251 2412 offenda,
275 2327 350 2412 quia
371 2333 448 2410 pust
468 2325 592 2390 verba.
614 2320 681 2388 ἀνά
699 2328 809 2403 χιλίας
829 2322 943 2411 ὑπὲρ
927 2325 1069 2390 εκοίστου
1091 2345 1194 2411 nausa

96 2425 262 2512 quaedam
284 2431 347 2493 est.
391 2421 427 2492 C.
449 2423 589 2491 ΧΧΧΙΙ.
612 2421 702 2489 766.
724 2424 787 2490 6.·
778 2445 812 2491 nn
833 2425 962 2492 verbis.
984 2427 1192 2539 candidatu

97 2523 252 2591 Φωκίωνι
264 2522 485 2608 ἐμπιστεύσας
505 2522 543 2590 τὸ
565 2527 661 2607 σῶμα
682 2546 741 2612 pro
770 2510 983 2608 ἐμπιστεύσας
1015 2525 1192 2611 scripsisse

99 2623 232 2693 videtur
259 2625 453 2691 Plutarchus
484 2626 542 2706 ndu
570 2622 763 2706 πιστεύσας,
806 2634 842 2691 ut
870 2623 1071 2711 respondeat
1099 2643 1190 2710 sequ.

97 2722 288 2809 Δερκύλλου
317 2727 352 2792 δὲ
372 2749 402 2791 κ.
424 2749 453 2792 τ.
476 2727 505 2790 λ’.
538 2724 711 2793 Πιστεύειν
732 2727 818 2792 enim
840 2727 939 2792 etiam
961 2745 1032 2790 cum
1053 2743 1193 2790 accusa-

98 2827 172 2892 tivo
194 2827 260 2914 rei,
287 2844 381 2911 quam
404 2825 475 2910 quis
498 2825 574 2892 fidei
596 2827 731 2911 alicujus
754 2825 885 2905 tradat,
916 2826 998 2890 strui
1019 2825 1127 2892 disces
1150 2845 1194 2892 ex

97 2926 251 3012 Xenoph.
274 2923 388 3012 Symp.
411 2924 454 3006 8,
478 2924 540 2992 36.
564 2924 643 2992 Cud.
667 2928 735 2993 i'at.
757 2928 857 2994 habet
878 2928 1095 3007 ὲμπιστεῡσαι.

190 3025 227 3090 in
250 3028 319 3092 vita
342 3024 521 3092 Catonis
544 3026 712 3093 mineris
734 3046 762 3092 c.
786 3033 844 3092 111.
869 3023 998 3092 ncta.
1022 3027 1104 3093 maie
1127 3027 1194 3092 cci.

97 3127 211 3192 iocata
232 3133 308 3190 sunt
329 3127 449 3193 verba:
471 3125 508 3191 τὸ
529 3129 658 3212 βλέμμα
679 3128 736 3190 καὶ
757 3124 795 3191 τὸ
818 3122 989 3212 πρόσωπον
1010 3128 1194 3208 πιμπλάμε-

99 3251 161 3292 υσυ
192 3223 295 3290 αὐτού
325 3224 422 3309 ὀργῇς
449 3230 506 3293 καὶ
533 3235 648 3308 μένους
676 3225 824 3293 κατιδών.
869 3226 950 3308 Quis
979 3228 1064 3293 enim
1098 3227 1195 3295 facile

99 3325 217 3392 credat
239 3327 445 3392 Plutarchum
468 3325 572 3392 αὐτοῦ
593 3328 643 3392 εἰσ
664 3329 913 3413 postposuisse,
944 3334 978 3397 ut
999 3328 1090 3394 simui
1113 3348 1195 3411 gra·
1232 3383 1235 3389 .

103 3444 182 3491 vern
196 3426 325 3492 hiatum·
340 3420 581 3494 committeret?
603 3427 762 3512 Suspicor
782 3425 884 3493 αὑτὸν
907 3448 964 3515 pro
985 3425 1089 3493 adrui
1111 3428 1196 3492 scri·
1277 3422 1286 3429 ”

104 3532 196 3611 ptum
217 3527 319 3594 tuisse
341 3548 382 3594 ea
403 3529 454 3607 vi,
485 3535 519 3592 ut
541 3535 651 3593 esset:
683 3528 787 3612 quud
808 3529 857 3594 ad
881 3529 1019 3594 ocul-us
1041 3536 1081 3593 et
1103 3527 1196 3594 vui-

104 3632 188 3711 tum
210 3629 430 3695 attinebat
452 3649 538 3696 eum
560 3629 622 3693 ira
644 3629 846 3713 repletum
879 3628 1035 3695 ridens.
1080 3625 1115 3692 C.
1137 3631 1197 3692 Vl.

107 3723 198 3792 762.
221 3729 252 3792 b.
277 3725 403 3795 con-aes
426 3729 467 3796 de
489 3749 547 3794 sun
571 3728 679 3794 dedit:
701 3727 778 3793 κατ’
805 3726 909 3818 ἀρχὰς
929 3731 987 3810 μὲν
1008 3726 1097 3807 ἀπαξ
1116 3725 1197 3792 πιάν

106 3823 175 3890 ἀπὸ
204 3831 263 3892 τοῦ
284 3831 414 3894 δείπνου
445 3827 595 3907 ἀνέλυον,
639 3849 708 3894 cum
737 3830 856 3914 uulgo:
900 3827 976 3894 κατ’
1007 3825 1112 3911 ἀρχάς
1139 3828 1197 3908 μίν

106 3922 199 4007 ἅπαξ
218 3928 298 3994 πιών
321 3933 370 4007 ἐπὶ
392 3928 430 3995 τὸ
453 3932 580 3996 δεῖπνον
602 3927 733 3996 ἀνέλυον
754 3931 928 4014 legeretur.
971 3930 1035 3995 His
1056 3928 1089 3992 in
1119 3946 1198 3994 ver·

109 4028 304 4114 hispanus
328 4031 508 4099 offenderat
531 4033 731 4117 Anonymus'
745 4031 921 4113 conjiciens
943 4026 1017 4093 κατ’
1042 4024 1117 4117 ἀρχ.
1141 4029 1198 4111 μίν

934 4131 998 4193 24*
