2564 4508
160 311 271 392 μηδενὶ
281 309 346 373 τῶν
356 303 536 372 >innatum
550 302 656 386 ὄνομα
667 299 943 387 λλῙιίρνιονεῖναι.ι
1031 304 1114 371 inim
1133 292 1235 393 tp'ui,
1269 361 1282 419 ἱ

159 409 242 497 qund
264 406 471 474 referendum
493 404 608 471 estad
630 400 800 469 Ciceronis
821 402 938 483 filium,
960 407 971 469 i
1031 411 1065 471 ut
1083 406 1235 473 senteni'd

158 512 221 576 sit:
247 527 322 595 quo
344 508 525 574 consule.
568 508 617 571 At
637 506 852 592 principatum
874 505 983 589 potius
1003 511 1234 591 angustiata-
1277 525 1282 528 ·

159 612 268 677 nebat.
314 608 492 674 Dicendum
514 608 611 692 igitur
632 613 723 673 certe
746 612 818 671 erat
839 602 888 689 ἐφ’
906 596 962 670 ὦν.
1005 603 1126 673 omnia
1140 612 1235 674 anta·
1260 623 1261 630 ’

159 720 251 778 recte
284 709 431 795 habeut,
474 710 506 774 si
533 706 552 786 ἡ
577 704 679 791 βουλὴ
706 714 743 771 ut
763 707 1086 791 interpretamentum
1114 706 1236 773 deletur.

160 814 244 879 'l'um
280 812 365 876 euim
393 811 563 894 Augustus
589 809 622 874 id
655 808 779 873 fecisse
807 805 926 873 dicitur
953 805 1051 895 idque
1080 804 1236 875 Ciceronis
1262 843 1264 848 ·

159 912 224 979 utto
245 909 388 977 consule.

245 1010 284 1074 In
307 1009 358 1074 his
380 1010 460 1075 vitis
491 1010 538 1074 nti
565 1010 599 1075 in
627 1008 867 1093 comparatione
894 1014 967 1073 tres
991 1012 1120 1075 tanturn
1151 1024 1260 1095 repe.

160 1114 285 1178 riantur
305 1110 478 1195 graviores
499 1109 619 1187 hiatus,
641 1111 696 1195 qui
716 1107 851 1174 tattendi
872 1127 951 1175 esse
972 1104 1236 1197 videanturiiqar

160 1213 194 1277 in
213 1212 286 1277 uita
307 1206 477 1275 Ciceronis
498 1228 528 1275 c.
550 1209 658 1275 XVll.
680 1210 788 1275 XXV.
811 1216 845 1275 et
867 1208 991 1275 deX.

244 1312 283 1377 lu
304 1310 566 1376 Artaxerxis
593 1311 664 1375 vita
684 1330 713 1375 c.
736 1310 764 1374 l.
789 1307 906 1375 1012.
927 1329 957 1376 a
984 1309 1019 1375 in
1045 1309 1179 1377 verbis:
1212 1304 1238 1375 Ὀ

159 1409 189 1477 d’
211 1408 415 1497 Ἀρτοξέρξης
432 1409 585 1497 Ἀρσιλιας
612 1409 767 1497 πρότερον
801 1413 968 1487 ἐκαλεῖτο,
995 1415 1108 1477 καίτοι
1128 1413 1239 1477 Aelana

159 1517 279 1601 φησὶν,
319 1510 369 1577 ὅτι
398 1505 540 1595 Ὁάρτρς.
609 1512 743 1577 Vniccb.
780 1507 798 1575 ὁ
831 1509 950 1596 Ἆροπς
986 1511 1087 1579 nabet
1127 1510 1237 1577 οωίοοι

162 1614 383 1700 praecedente
404 1612 561 1698 particula
584 1608 643 1677 ὅτι.
693 1615 732 1679 1ο
759 1611 863 1697 Sang.
894 1616 1009 1679 exstat
1032 1610 1164 1699 quidem
1189 1606 1240 1685 ὅτι,

163 1714 224 1780 sed
246 1734 317 1780 cum
339 1715 572 1798 superscriptis
594 1714 774 1801 punctulis,
815 1712 899 1800 quud
930 1711 1051 1779 iudicio
1078 1718 1150 1793 est,
1188 1710 1241 1777 det

163 1816 298 1883 verbum
321 1812 568 1899 expungendum
591 1832 680 1879 esse.
723 1814 881 1880 Juntinae
902 1812 1056 1900 Bryanns
1077 1813 1164 1881 suisa
1189 1812 1241 1877 tri·

165 1917 233 1983 buit
250 1911 399 1997 Ὀάρσης,
433 1920 488 1978 est
508 1915 541 1979 in
556 1913 710 2007 ¹,eanund
734 1915 827 1980 Vutc.
849 1914 947 1980 habet
968 1910 1132 2002 ὁἎροης.
1175 1908 1242 1981 did.

161 2025 269 2084 autem
291 2021 326 2080 et
348 2011 438 2080 Crat.
462 2014 621 2079 exhibent
637 2011 788 2101 Ὀάρσης,
809 2013 895 2101 quad
917 2010 968 2079 ὅτι
988 2013 1101 2081 deletu
1120 2018 1177 2081 est
1195 2032 1245 2079 re·

163 2117 339 2183 timendum.
383 2114 477 2179 Vulc.
507 2113 604 2180 etiam
632 2118 735 2202 <pantu
763 2136 822 2201 pro
849 2117 949 2200 φησὶν
977 2115 1086 2182 habet
1129 2110 1170 2181 0.
1190 2112 1245 2179 ΙΙΙ.

165 2214 279 2281 1012.
302 2234 331 2280 c.
352 2214 556 2280 Schaeserns
577 2215 702 2281 ediditr
726 2214 821 2280 Ἐστι
849 2217 884 2280 dd
903 2206 991 2292 θεᾶς
1009 2216 1184 2297 πολεμικῆς
1202 2218 1247 2281 λι·

163 2316 234 2405 ρον,
255 2314 295 2395 ἣν
312 2312 445 2397 Ἀθηνᾷ
465 2312 508 2379 ἄν
528 2338 577 2389 τις
596 2313 763 2381 εἰκάσειεν.
786 2315 944 2381 Reiskins
964 2317 1050 2383 enim
1065 2317 1137 2399 jum
1156 2316 1248 2383 dixe·

162 2426 234 2496 rat,
276 2418 307 2483 si
328 2422 480 2482 servetur
501 2415 668 2499 vulgatum
687 2412 854 2495 Ἀθηνᾶν,
897 2415 1154 2483 subaudiendum
1173 2432 1248 2485 esst

162 2519 264 2606 εἶναι,
297 2517 381 2583 alias
409 2521 581 2601 praestare
605 2513 746 2597 Ἀθηνᾷ.
791 2516 837 2581 At
857 2516 1066 2583 accusativus
1088 2516 1118 2583 si
1140 2524 1177 2585 te
1197 2516 1249 2585 ni·

163 2619 323 2703 tendent,
355 2618 506 2682 conferas
527 2616 651 2682 Herod.
671 2616 743 2703 IV,
768 2613 854 2681 133.
876 2616 1008 2699 Πέρσαι
1026 2618 1086 2699 pdv
1105 2615 1148 2697 δὴ
1169 2612 1250 2683 οὗτοι

162 2717 206 2783 τὰ
240 2720 329 2801 δῶρα
367 2717 505 2795 εἴκαζον.
570 2716 736 2782 Particum
766 2712 810 2780 ἂν
836 2722 944 2783 autem
969 2722 1063 2785 reete
1091 2736 1249 2785 curem

163 2817 378 2889 Sumitenim
400 2816 461 2881 hoc
482 2816 553 2882 fieri
574 2819 725 2903 scriptor.
753 2815 795 2880 V.
819 2817 993 2883 Hermann
1021 2817 1065 2884 de
1092 2824 1179 2905 part.
1208 2812 1249 2883 ἂν

162 2939 194 3003 p.
222 2914 307 2982 142.
350 2918 471 2983 Hiatus
488 2916 621 2999 Ἀθηνᾷ
642 2924 751 2983 tamen
773 2921 850 2982 ante
880 2916 923 2981 ἄν
949 2935 1011 3003 per
1036 2936 1076 2984 se
1103 2936 1171 2985 uun
1200 2916 1250 2983 ni·

161 3019 320 3085 tenderet
362 3015 400 3083 Ο.
423 3017 479 3081 Vl.
504 3014 618 3082 1014.
641 3017 673 3083 b.
695 3017 729 3081 in
751 3017 882 3083 verbis:
910 3018 967 3094 τῆς
992 3040 1027 3083 τι
1056 3012 1249 3103 Παρνονίτι-

162 3121 218 3195 ὃος
238 3118 296 3197 τὴν
317 3122 467 3196 πλείστην
496 3121 607 3181 αἰτίαν
634 3120 693 3181 τοῦ
724 3119 866 3198 πολέμου
894 3124 1070 3205 φερομένης
1098 3120 1160 3185 mi
1188 3118 1249 3183 τῶν

160 3222 266 3306 φίλων
286 3217 385 3295 αὐτῆς
405 3225 439 3283 ἑν
461 3216 590 3302 ὑποψίᾳ
611 3216 712 3282 ὄντων
732 3220 789 3283 καὶ
810 3218 990 3301 διαβολαῖς.
1011 3214 1250 3285 collectitium

161 3325 238 3405 post
265 3320 459 3403 διαβολαῖς,
494 3319 558 3383 nisi
591 3319 696 3383 mavis
727 3315 887 3402 ὑποψίαις
914 3317 1069 3385 scribere.
1126 3312 1248 3385 0.]11.

165 3415 282 3484 1016.
304 3421 335 3483 d.
358 3437 377 3484 e
400 3416 471 3482 cad.
498 3415 600 3502 Sang.
632 3418 876 3485 collocationem
903 3420 1077 3485 verborum
1103 3422 1195 3485 muta
1217 3418 1250 3481 et

162 3538 220 3604 pru
250 3519 407 3603 vulgato:
448 3515 601 3595 εὐνοῦχοί
629 3542 712 3595 τινες
744 3516 899 3601 παρόντες
931 3515 1037 3601 ὀλίγοι
1069 3522 1248 3605 maxumum

163 3619 295 3684 scribe:
324 3617 476 3697 εὐνοῦχοί
506 3642 589 3694 τινες
624 3615 728 3701 ὀλίγοι
762 3615 916 3703 παρόντες
944 3625 1031 3698 ducx·
1095 3614 1135 3685 C.
1164 3614 1247 3685 xlv.

167 3717 283 3785 1018.
306 3740 336 3784 a.
360 3721 392 3783 in
412 3718 523 3783 verbis
545 3714 672 3794 τούτοις
693 3744 730 3785 σε
750 3721 830 3801 τιμᾷ
851 3714 869 3782 ὁ
889 3716 1042 3803 βασιλεὺς
1069 3718 1149 3787 dele
1174 3716 1244 3787 arfi-

164 3820 267 3884 cuium
290 3820 417 3884 collatis
440 3821 481 3885 iis
503 3839 585 3905 quae
607 3827 802 3905 sequnntur:
824 3822 877 3884 σοὶ
897 3822 1003 3885 ταῦτα
1024 3820 1138 3885 δίδωσι
1158 3820 1243 3905 βατι-

163 3916 244 3994 λιὺς.
289 3916 325 3983 C.
348 3920 424 3983 XV.
453 3917 566 3983 1018.
597 3921 629 3985 d.
657 3921 692 3985 in
718 3921 851 3987 verbist
882 3919 1010 3997 Κανολς
1037 3917 1071 3985 δ’
1106 3916 1242 3987 cadmo

164 4021 220 4082 καὶ
243 4015 455 4108 Μιθριδάτης
475 4016 545 4100 μετ’
571 4016 683 4101 ὀλίγον
702 4016 822 4105 χρόνον
843 4026 880 4085 ἐκ
904 4021 960 4099 τῆς
987 4016 1094 4087 αὑτοῦ
1119 4016 1242 4107 aiddu·
