2580 4514
472 179 739 242 -111-

58 349 170 435 τούτῳ
192 349 249 416 καὶ
264 344 396 415 ἀναιδεῖ
412 336 458 412 ὧν
478 346 633 431 βεβίωται
653 301 925 434 poteritquidem
945 346 1055 415 hiatus
1084 368 1150 416 ex·

61 452 195 538 cusari,
224 452 310 531 Augu
333 447 360 514 1.
384 455 491 515 tamen
512 445 555 513 K
574 453 609 513 et
629 467 656 512 r.
678 437 723 512 oio
751 449 917 527 omittunt,
961 453 1052 534 quus
1078 451 1151 519 loco

59 562 106 621 tv.
130 558 167 619 et
189 551 275 634 vulg.
297 557 374 616 ante
396 548 503 614 Bekk.
518 545 615 631 ’μάλα
637 547 779 636 habent,
816 549 900 637 quod
921 549 1036 616 Reisk.
1057 553 1151 618 uncis

61 655 205 721 ineiusit.
248 650 352 718 Iidem
373 655 477 715 autem
500 650 591 728 libri,
622 651 676 736 qui
697 638 743 714 ὦν
770 670 834 735 uon
863 652 1000 737 habent,
1027 651 1150 719 addunt

60 774 127 822 una
155 774 229 820 cum
250 751 331 818 utv.
354 754 388 814 et
410 749 494 835 vulg.
523 757 601 817 ante
624 751 730 817 Bekk.
764 759 897 843 praeter
923 751 1045 818 Bavar.
1074 759 1152 839 post

61 855 166 922 ὄντων
194 870 368 940 pronomen
396 848 437 924 d,
481 850 514 916 id
530 850 628 936 «quod
642 853 690 916 'et
717 853 816 936 vulgo
839 859 874 918 et
895 872 915 918 a
936 853 1051 918 Reislx'.
1074 859 1109 919 et
1129 873 1162 921 a·

62 957 187 1023 Buttm.
209 961 262 1020 est
283 952 415 1020 editum.
458 951 661 1018 Sohaeterus
682 953 780 1037 igitur
801 955 942 1038 conjecit
963 951 1065 1019 ὄντων
1086 956 1151 1020 τοῖν

61 1044 244 1130 -ἡναιδεῖ
258 1055 482 1140 βεβιωμένων,
526 1050 670 1119 ofellius
690 1060 797 1120 autem
819 1072 862 1121 ex
881 1051 973 1135 μάλα
1000 1045 1046 1120 ὧν
1072 1055 1151 1123 iecit

61 1162 253 1243 μαλακίων.
297 1155 377 1220 Mihi
398 1153 641 1220 Demosthenes
662 1161 740 1239 post
760 1153 862 1220 ὄντων
887 1155 1065 1242 scripsisse
1082 1157 1151 1224 ,vi-

62 1261 160 1327 detur
180 1248 226 1323 do
247 1275 288 1323 ea
309 1256 343 1322 vi
365 1261 401 1320 ut
421 1254 482 1318 sit:
526 1254 612 1320 unde
634 1256 734 1320 vitam
757 1264 810 1321 est
837 1256 939 1320 tuitus
965 1263 1057 1322 homo
1084 1263 1151 1325 tam

62 1367 240 1449 protervus
269 1363 303 1423 et
333 1357 496 1443 petulans.
546 1355 658 1436 Potuit
684 1363 792 1422 autem
823 1356 974 1422 facillime
1001 1347 1047 1423 oia
1074 1364 1151 1443 post

62 1461 167 1528 ὄντων
189 1458 360 1538 excidere,
384 1476 446 1542 quo
469 1456 556 1522 tacto
578 1457 632 1522 alii
654 1455 694 1543 ἂ,
712 1457 767 1522 atii
788 1446 843 1545 oio,
865 1456 927 1523 sed
949 1457 1056 1524 alieno
1078 1458 1150 1531 loco

61 1565 276 1649 scripserunt.
319 1558 392 1623 Hoc
414 1557 499 1622 enim
520 1576 585 1623 non
607 1554 753 1642 negabis,
776 1556 907 1624 dativus
929 1557 1001 1623 iilos
1022 1559 1068 1640 τῷ
1079 1558 1152 1640 βδε-

62 1664 150 1747 λορῴ
173 1669 209 1728 et
229 1658 358 1725 ἀναιδεῖ
375 1658 489 1724 melius
511 1656 552 1722 ad
573 1659 725 1742 βεβιωται
746 1659 877 1731 reterri,
920 1659 994 1744 quia
1023 1658 1056 1723 id
1086 1679 1178 1725 nou·
1209 1650 1214 1670 '

62 1769 118 1830 est
138 1761 270 1846 mirum,
290 1759 374 1846 qrrod
398 1760 515 1824 homini
536 1758 713 1845 impudenti
734 1765 784 1825 tot
805 1766 840 1825 et
860 1759 947 1826 tales
969 1779 1051 1845 opes
1073 1748 1153 1843 siut,
1267 1840 1271 1847 Ι

62 1863 123 1931 sed
144 1862 232 1950 qood
253 1862 345 1927 homo
368 1869 434 1926 tam
456 1860 608 1945 petulans
630 1866 665 1924 et
690 1861 860 1946 impudens
886 1880 989 1947 usque
1016 1861 1058 1927 ad
1088 1863 1150 1928 huc

63 1971 194 2052 tempus
216 1963 357 2053 potnerit
378 1963 512 2047 vivere,
541 1981 602 2028 nec
624 1963 668 2026 sit
689 1962 822 2046 punitus
843 1961 940 2048 idque
969 1981 1050 2028 sune
1069 1962 1150 2029 sota

61 2066 189 2132 illarum
211 2063 394 2128 divitiarum
417 2079 488 2147 ope.
534 2061 710 2127 Genitivus
731 2051 776 2126 ὦν
803 2065 908 2148 potuit
939 2062 1054 2147 eodem
1077 2066 1151 2148 jure

62 2167 142 2234 addi
164 2184 226 2252 quo
249 2162 371 2229 Herod.
394 2160 445 2242 11,
474 2161 560 2227 177.
591 2159 674 2227 ὅθεν
693 2163 849 2246 βιοιλται,Ι
885 2162 970 2229 unde
999 2166 1068 2231 vita
1083 2186 1153 2251 ,su-

63 2271 230 2334 stentatur
265 2265 347 2329 dixit
379 2269 414 2329 et
448 2282 511 2347 quo
548 2264 612 2328 alia
641 2263 743 2328 verba
778 2259 834 2352 (v.
853 2261 998 2330 Ktihner.
1022 2264 1080 2331 Gr.
1102 2249 1150 2352 gr.

65 2363 165 2453 526,
187 2360 240 2454 c.)
268 2365 315 2429 itu
335 2368 513 2429 struuntur.
557 2359 664 2427 Μάλα
686 2363 824 2448 denique
845 2362 887 2428 ud
908 2361 1039 2430 ἀναιδεῖ
1056 2365 1152 2432 addi:

64 2473 133 2532 tum
154 2483 232 2532 esse
253 2463 393 2531 videtur.
437 2463 557 2528 Verum
579 2462 662 2528 vidit
682 2464 841 2530 Reiskios
874 2462 972 2549 564,
998 2466 1089 2541 toa.
1118 2469 1152 2534 in

63 2567 199 2634 verbis:
240 2561 330 2646 ἡμεῖς
351 2571 384 2631 οἱ
406 2565 682 2649 λειτουργοῦντος,
726 2562 816 2643 ἡμεῖς
837 2569 870 2629 οἱ
890 2571 1153 2651 προεισφέροντες

64 2663 152 2751 ὑμῖν,
175 2662 263 2747 ἡμεῖς
285 2662 612 2744 centonomium,
634 2682 713 2729 esse
732 2660 828 2743 ἐσμεν
850 2662 1032 2729 delendum.
1064 2667 1151 2734 Num

64 2764 138 2856 quis
160 2766 286 2852 credet,
307 2763 439 2830 Midiam
460 2762 681 2849 imprudenter
701 2762 843 2831 dixisse:
864 2785 947 2854 „nos
968 2785 1078 2832 sumus
1099 2767 1154 2834 di-

66 2867 176 2937 vites“
199 2867 301 2934 etita
323 2863 477 2931 invidiam
501 2864 605 2950 piebis
626 2866 826 2954 concitasse,
856 2865 916 2932 sed
939 2865 1022 2932 dixit
1043 2872 1152 2955 potius

63 2969 270 3057 impudenter
292 2985 392 3032 saue:
434 2985 496 3052 unos
518 2965 631 3031 nrrdire
652 2964 801 3054 debetis,
830 2967 883 3053 qni
905 2986 966 3032 nos
987 2968 1010 3033 ii
1032 2991 1152 3057 somuS,

66 3071 122 3158 qui
144 3068 333 3135 necessaria
355 3067 569 3151 conferamus,
589 3085 651 3131 nos
663 3066 794 3133 divites.
837 3069 943 3135 Nemo
957 3071 1042 3137 enim
1056 3073 1152 3143 facite

66 3171 177 3258 dicet,
204 3189 242 3235 se
263 3168 410 3254 inprimis
432 3165 625 3232 audiendum
647 3185 741 3253 esse,
770 3168 845 3254 qnia
866 3169 963 3236 dives
990 3174 1053 3262 sit,
1090 3178 1152 3244 sed

66 3272 143 3360 quia
169 3269 365 3357 plurimain
394 3287 486 3334 usum
512 3286 708 3333 communem
737 3271 890 3337 conterat.
935 3272 1038 3340 Paulo
1074 3285 1152 3346 ante

70 3369 161 3439 152.
183 3372 267 3436 inter
288 3370 393 3452 τούτῳ
416 3373 450 3437 et
470 3365 490 3446 ἡ
511 3388 614 3453 pausa
641 3376 704 3434 est.
737 3368 833 3460 565,
864 3370 953 3437 157.
982 3373 1044 3456 ἐγώ
1072 3385 1151 3446 ante

64 3477 122 3553 ἔτι]
149 3471 299 3546 offendit,
326 3470 431 3536 minus
457 3467 545 3534 158.
568 3467 670 3550 σεμνὰ
689 3468 901 3554 ἀναλώματα.
944 3475 1017 3540 Huc
1043 3486 1152 3548 autem

64 3595 132 3642 nun
152 3573 260 3660 video,
281 3590 338 3637 cur
359 3571 422 3636 viri
443 3568 532 3636 ducti
554 3566 633 3634 566
640 3617 653 3656 ,
680 3569 767 3636 170.
789 3573 823 3638 in
845 3573 971 3639 verbis:
990 3575 1091 3643 Ἀλλόι
1112 3579 1151 3661 αὴ

58 3679 133 3744 Δία
154 3671 264 3762 τριήρη
285 3671 438 3738 ἐπέδωκεν
458 3671 498 3735 ab
519 3676 641 3734 auctor.
666 3670 759 3736 codd.
782 3671 891 3764 (apud
913 3675 1019 3742 Bekk.
1040 3678 1155 3746 11ἮΣ

72 3773 221 3864 Ytistv.)
243 3781 276 3839 et
298 3773 388 3837 tibris
410 3770 497 3854 vulg.
520 3778 598 3836 aute
611 3770 717 3837 Bekk.
741 3777 953 3865 recesserint,
974 3781 1027 3864 qui
1039 3779 1150 3868 τριήρη

62 3874 103 3956 ἢν
125 3881 175 3947 λοι.
196 3876 325 3940 habent.
369 3871 510 3937 Dixerat
531 3872 617 3937 enim
644 3872 738 3940 modo
767 3883 893 3942 orator:
936 3868 981 3942 ὧν
1010 3876 1152 3968 (revera

62 3977 161 4043 vobis
183 3971 328 4065 utilium)
350 3972 443 4041 οὐδὲν
462 3969 608 4057 εὑρήσετε
628 3969 734 4057 τούτῳ
756 3977 886 4062 προσόν.
930 3973 1074 4064 Contigit
1096 3988 1151 4047 ta.

60 4097 139 4148 meu
160 4095 201 4145 se
221 4078 332 4145 statim
352 4075 495 4145 addens:
530 4073 591 4141 sed
614 4073 724 4141 hercle
746 4078 909 4143 triremem
930 4075 975 4169 (i.
999 4098 1030 4146 e.
1054 4082 1152 4149 inve-
