2564 4508
553 163 823 227 --118-1

60 378 75 412 ,
145 332 209 400 fra
231 330 481 416 Stephanum
502 330 728 396 orationem
759 347 822 394 non
844 325 1138 394 Demosthenicum
1158 346 1241 394 esse

144 435 318 499 censuerit
383 431 522 498 Videtur
549 436 660 497 autern·
686 428 905 517 Apollodorus
932 429 966 493 in
994 427 1128 513 epilogo
1162 427 1237 512 ipse

145 532 302 619 quaedam
325 531 451 598 locutos
472 552 560 610 esse,
583 549 667 618 quae
689 531 808 616 epilogi
830 529 900 594 loco
923 533 999 613 post
1015 529 1151 612 primam
1163 526 1237 593 lle-

146 633 382 699 mosthenicarn
402 634 580 699 orationem
602 650 666 696 una
688 649 759 695 cum
780 629 836 694 illa
858 629 933 714 ipss·
954 627 1169 692 1111111111..

229 732 488 797 Demosthenem
508 732 687 796 orationem
709 744 767 815 pro
783 729 974 793 Phormione
991 728 1169 812 scripsisse·
1190 733 1240 794 11-

146 833 210 898 stis
231 840 285 898 est
306 831 496 896 Dinarchus·¹
514 839 627 897 contra
648 830 862 896 Demosthen.
889 829 977 914 104,
1003 826 1088 890 111.
1112 836 1243 893 etcum

147 932 277 999 dicendi
297 951 404 1016 genus
424 951 488 997 non
511 932 638 997 omnino
660 932 852 1014 abhorreat,
895 927 1088 993 crediderim
1116 929 1243 994 oratio«

147 1053 222 1098 nem
249 1051 308 1117 pro
331 1031 526 1098 Phormione
555 1051 648 1118 quam
679 1031 776 1096 hodie
804 1029 908 1094 adhuc
940 1028 1121 1108 hahemus,
1166 1036 1244 1094 1111

131 1130 253 1219 ‘ipsam
276 1151 356 1198 1111
376 1133 564 1198 orationem.
593 1129 790 1217 Quamquam
813 1130 898 1194 euim
921 1128 1034 1213 plures
1055 1127 1166 1194 hiatus
1187 1128 1243 1193 in·

150 1238 227 1297 sunt
249 1252 343 1319 quam
365 1231 458 1309 alibi,
481 1232 583 1297 oratio
606 1239 715 1297 tamen
737 1232 784 1296 ita
806 1236 859 1295 est
882 1229 1100 1305 conformata,
1122 1235 1159 1293 ut
1179 1248 1246 1314 ap-

151 1337 283 1417 pareat,
311 1350 382 1397 eam
404 1331 445 1396 ab
467 1349 507 1396 eo
532 1351 611 1397 esse
633 1333 803 1418 scriptam,
833 1331 887 1415 qni
918 1329 1026 1394 soleat
1055 1329 1244 1416 plerunque

151 1431 312 1496 vocalium
335 1449 525 1496 concursum
548 1432 683 1496 evitare.
726 1429 895 1514 Explicari
918 1429 1015 1494 etiam
1037 1427 1114 1492 iude
1143 1436 1246 1514 pote-

152 1530 206 1616 rit,
228 1529 312 1614 quod
335 1529 529 1594 Plutarchus
551 1533 583 1596 in
607 1532 673 1595 vit,
698 1529 867 1595 Demosth.
888 1548 916 1593 c.
940 1528 1160 1623 1111111111,
1176 1527 1245 1594 De*

153 1629 316 1694 mostheni
339 1630 510 1714 opprobrio
533 1631 636 1715 verti,
668 1631 753 1717 quod
776 1636 810 1695 et
832 1648 891 1715 pro
912 1628 1108 1693 Phormione
1131 1634 1248 1694 contra

156 1728 387 1812 Apollodorum
411 1736 446 1793 et
467 1750 525 1815 pro
547 1730 747 1816 Apollodoro
774 1738 888 1795 contra
911 1728 1138 1792 Phormionem
1167 1746 1247 1794 ora-

155 1830 263 1893 tiones
286 1829 465 1912 scripserit.
510 1831 627 1914 Neque
650 1832 746 1896 aliter
770 1831 897 1894 censuit
912 1827 1096 1892 Aeschines
1118 1828 1155 1892 iu
1170 1827 1250 1895 cre·

157 1929 340 2013 siphonteru
362 1928 416 2011 qui
439 1925 530 1992 563.
555 1929 704 2008 tradidit,
727 1929 981 1994 Demosthenem
1004 1929 1103 1993 etiam
1124 1929 1250 1997 adver·

158 2029 255 2093 sariis
277 2028 443 2092 orationes
464 2028 610 2094 dedisse.
656 2028 758 2094 Vides
780 2037 887 2095 autem
918 2030 979 2094 hoc
1008 2035 1146 2096 eatenus
1174 2038 1250 2098 tau·

157 2135 223 2193 tum
246 2145 361 2193 verum
382 2147 482 2208 esse,
526 2137 686 2214 quatenus
708 2128 951 2197 Demosthenes
972 2132 1044 2214 ipse
1074 2133 1250 2198 orationem

159 2249 219 2315 pro
242 2228 437 2294 Phormione
460 2228 624 2315 habuerit,
666 2238 701 2298 et
725 2230 920 2317 Apollodoro
944 2238 1061 2315 postea
1082 2230 1143 2296 lite
1166 2231 1249 2317 diju-

160 2330 270 2393 dicata
292 2329 471 2395 orationem
493 2328 621 2395 dederit
643 2338 755 2396 contra
777 2331 995 2416 Stephanum,
1038 2330 1249 2416 quodminus

161 2428 304 2494 offendit.
349 2429 423 2494 Hoc
445 2436 552 2495 tamen
570 2431 644 2513 jure
666 2431 864 2518 offenderet,
896 2433 925 2496 si
948 2437 1056 2496 orator
1076 2431 1151 2516 ipse
1174 2452 1247 2498 ors*

161 2531 280 2595 tionem
308 2529 434 2594 habeus
469 2531 531 2595 hoc
560 2530 756 2616 Apollodoro
790 2533 963 2616 opprobrio
993 2537 1143 2596 verteret
1175 2538 1247 2618 (pio

161 2630 289 2694 Phorm.
314 2625 412 2706 960,
436 2628 627 2716 53.)q110d
650 2637 685 2696 et
707 2631 910 2696 Timotheum
933 2638 967 2696 et
990 2631 1173 2717 Callippum
1192 2651 1248 2698 ac·

163 2732 303 2816 11111111,
336 2735 371 2793 11
393 2735 499 2794 tamen
522 2731 597 2816 ipse·
619 2731 679 2796 has
701 2733 867 2796 orationes
891 2732 1088 2817 Apollodoro
1110 2734 1248 2818 scriptas

164 2830 368 2907 tradidisset.
425 2829 497 2894 Hoc
527 2837 593 2894 tam
620 2831 823 2916 impudenter
851 2833 892 2897 ab
922 2840 1052 2898 oratore
1079 2839 1175 2897 esset
1200 2832 1249 2897 di·

165 2935 266 3004 ctum,
295 2935 330 2991 ut
353 2947 418 2992 non
441 2929 535 2994 modo
559 2930 694 2995 hominis
716 2932 821 3017 probi,
853 2931 915 2998 sed
937 2950 978 2996 ne
1010 2933 1152 2998 oratoris
1180 2934 1249 3018 qui-

166 3030 239 3093 dem
250 3027 423 3092 mediocris
437 3039 538 3093 esset.
562 3027 624 3108 Qui
637 3031 735 3114 igitur
749 3051 870 3098 mecum
888 3035 1105 3109 consentiant,
1128 3031 1250 3098 Demo·

172 3128 323 3193 sthenem
346 3129 521 3220 orationem
535 3149 593 3213 pro
615 3129 807 3198 Phormione
829 3134 1018 3218 scripsisse,
1039 3132 1138 3198 iidem
1159 3135 1252 3199 etiarn

167 3246 289 3293 mecum
319 3228 441 3292 facient
462 3228 660 3307 affirmante,
703 3249 776 3297 eum
805 3234 970 3299 orationes
997 3239 1112 3298 contra
1140 3233 1252 3298 Timo-

170 3328 277 3392 theum
308 3335 341 3392 et
364 3324 544 3414 Callippum
576 3348 640 3395 non
669 3334 857 3416 scripsisse.
901 3330 947 3397 Et
970 3348 1050 3398 sane
1079 3332 1133 3398 de
1159 3351 1252 3399 ort·

168 3427 281 3491 tione
310 3434 456 3491 contra
488 3429 745 3496 Timotheum
773 3440 807 3497 11
830 3432 1090 3517 Harpocratione
1111 3439 1204 3500 teste
1229 3453 1254 3498 s

169 3547 201 3592 v.
223 3529 441 3603 κακοτεχνιῶν
462 3535 600 3593 1111111
621 3536 655 3595 11
676 3534 896 3618 recentiores,
938 3535 984 3598 uti
1006 3533 1196 3600 Boeclrlrius
1217 3533 1256 3600 de

167 3627 232 3712 pol.
253 3645 365 3691 oecon.
389 3626 424 3712 1,
449 3624 552 3715 246,
575 3629 765 3708 Bekherus,
786 3629 987 3699 Schaeferus
1010 3635 1042 3698 in
1066 3635 1194 3720 Appar.
1216 3635 1257 3719 V,

169 3723 298 3791 16411
316 3724 407 3793 268.
423 3726 661 3793 dubitaverunt.
704 3731 906 3798 Schaeserus
922 3733 1069 3819 inprimis
1084 3733 1128 3799 ad
1146 3732 1260 3801 1187.

169 3822 361 3917 (1268.)
391 3826 555 3915 ostendit,
600 3831 752 3915 periodos
780 3838 845 3897 tam
873 3835 1014 3899 enormis
1041 3835 1260 3920 longitudinis,

169 3944 365 4012 quarumque
387 3932 533 3994 tenorem
555 3936 604 3994 tot
631 3933 819 4015 nuperrima
847 3935 1100 4020 interrumpent,
1145 3943 1261 4004 texere

173 4044 238 4089 non
259 4041 338 4090 esse
360 4025 460 4109 moris
483 4025 749 4117 Demosthenici,
771 4032 935 4119 refertque
958 4035 1020 4101 huc
1042 4035 1142 4102 etiam
1164 4056 1261 4126 repe-
