2564 4508
566 126 844 193 ...303-

162 303 288 367 centum
309 299 417 360 autem
445 308 502 357 car
524 294 556 358 in
578 293 754 379 penultima
780 294 964 381 ponendum
984 314 1064 363 esse
1085 314 1232 379 censeam,
1273 308 1278 352 τ’

162 400 272 465 disces
294 414 337 461 ex
362 393 522 479 exemplis
543 413 563 459 a
586 394 786 481 Gcettiingio
807 396 850 464 de
870 404 1008 464 accentu
1029 396 1064 485 μ’
1084 396 1174 465 im.
1191 400 1231 467 d-

162 500 246 565 iatis.
1278 562 1280 571 ,

247 599 286 663 ia
307 596 378 662 vita
400 594 602 663 Caesaris
623 615 651 663 c,
673 597 731 661 lv.
753 594 844 663 7⁰8.
866 618 897 664 e.
919 600 951 663 in
976 600 1108 666 verbis:
1140 598 1233 667 ’arc

160 695 290 765 ced6c6v
303 695 330 761 δ’
344 705 389 774 είς
402 695 524 779 Ῥώμην
542 698 769 780 Δολλοβίλλαν
786 701 884 783 ίκρινε
898 697 1072 777 κακώσεως
1083 706 1234 789 ἐπαρχίας,
1254 750 1260 757 -

160 809 217 866 καὶ
238 802 356 865 πολλαὶ
377 795 442 863 άπὸ
466 799 520 876 τῆς
537 794 695 873 Ἑλλάδος
717 799 780 862 τῶν
801 795 923 863 πόλεων
951 806 1132 887 μαρτυρίας
1158 798 1234 885 cirri

160 908 334 1018 παρέσχον.
377 899 563 964 Reiskius'
555 916 588 963 ιο
610 895 724 961 ordine
746 898 915 964 offendens
942 902 1100 984 conjecit.
1130 902 1236 967 πολλά
1276 951 1277 966 .

161 1006 226 1068 τῶν
246 994 689 1090 άπὸ(νε1ἑπὶ)τῇς“.Ελλ
708 994 778 1062 πὸλ.
800 999 1001 1066 Schacierus
1030 1008 1149 1069 cantra
1176 1020 1236 1069 ειε-
1276 1013 1278 1064 ι

160 1105 232 1172 vuit
264 1099 412 1170 verba’
393 1099 458 1166 απὸ
484 1104 539 1179 τῆς
565 1098 722 1176 Ελλάδος
754 1100 819 1185 legi
850 1107 928 1167 ante
955 1106 1001 1176 είς
1026 1099 1161 1185 Ρώμηκ.
1200 1102 1238 1167 di
1276 1066 1282 1159 1

161 1210 294 1293 propter
315 1203 415 1269 verba
437 1222 528 1288 sequ.
551 1197 760 1283 ἀμειβόμενος
780 1198 1002 1278 τὴνἙλλάδα
1030 1204 1087 1281 τῆς
1114 1204 1237 1291 προδυ-

161 1310 237 1388 μίας
249 1323 332 1369 sane
345 1302 496 1369 desidero
520 1301 561 1367 ad
581 1298 702 1367 πόλεων
724 1301 990 1384 significationem
1011 1322 1239 1387 graecarum
1278 1340 1280 1353 =

160 1406 324 1493 proboque
345 1404 474 1468 Reiskii
494 1405 719 1485 conjecturam.
762 1399 813 1487 (λ.Ι
826 1402 879 1467 Vi.
905 1401 997 1469 710.
1021 1404 1051 1471 h.
1073 1406 1238 1471 verbazd

160 1509 194 1571 δὲ
209 1506 377 1589 Μαριανοὶ
398 1502 713 1589 παραθαρρύναντες
734 1500 892 1581 ἀλλήλους
912 1501 1033 1583 πλήθει
1055 1529 1090 1570 τε
1112 1507 1238 1587 &cvpa-
1278 1530 1280 1541 ·

159 1607 232 1670 στοὶ
264 1600 335 1668 ὅσοι
374 1600 573 1689 διεφάνησαν
606 1602 758 1690 ἐξαίφνης
789 1606 847 1669 καί
882 1601 988 1693 κρότῳ
1020 1614 1177 1685 κατεῖχσυ
1204 1600 1238 1669 τό

160 1701 374 1772 Καπιτώλιον
417 1710 507 1768 strue
549 1705 616 1769 ita:
667 1705 887 1788 θαυμαστοί,
932 1700 1004 1769 ὅσοι
1046 1702 1237 1792 διεφάνησαν

159 1803 337 1891 ἐξαίφνης,
380 1806 436 1866 καὶ
464 1799 569 1887 κρότῳ
596 1814 749 1881 κατεῖχον
778 1828 804 1870 τ.
833 1802 928 1872 Καπ.
977 1806 1024 1871 lb.
1051 1805 1085 1870 in
1115 1806 1236 1873 verbine

160 1904 203 1983 ὥς
233 1905 306 1970 άντὶ
339 1899 467 1969 πάντων
501 1900 591 1981 άξιος
622 1909 671 1981 εἴη
706 1903 724 1969 ὁ
758 1901 840 1991 άνὴρ
876 1907 932 1984 τῆς
958 1908 1096 1991 Μαρίου
1129 1926 1253 1989 cene·

158 2011 245 2081 νείας
278 2005 421 2069 sortasse
455 2009 503 2080 εἴη
530 2023 596 2068 non
628 2010 682 2069 est
713 2025 732 2071 a
761 2005 938 2072 Plutarcho
970 2007 1160 2092 proiectum.
1205 2002 1236 2073 (λ

158 2111 234 2171 Vll.
269 2104 361 2169 710.
391 2105 412 2169 1.
446 2123 504 2188 pro
530 2112 622 2188 μέχρι
660 2097 698 2170 06
726 2126 796 2172 cum
824 2106 961 2173 Reiskic
990 2108 1099 2173 scribe
1136 2112 1236 2195 μίχρα

159 2197 207 2271 06.
250 2205 296 2269 ib.
320 2206 352 2268 in
375 2205 509 2270 verbis:
553 2201 685 2294 ὕστερον
707 2214 741 2272 ἐν
769 2205 877 2294 είρήνῃ
904 2210 961 2273 καὶ
988 2206 1076 2273 καθ’
1106 2205 1236 2287 ἡσυχίαν

160 2307 230 2392 περὶ
258 2302 399 2369 ἑκάστου
424 2307 465 2388 τῇ
493 2306 597 2389 βουλῇ
623 2308 745 2389 γνῶναι
773 2305 904 2394 ὑπάρξει
940 2308 1013 2374 libri
1049 2326 1120 2395 pro·
1145 2302 1236 2397 ὑπάρ-

160 2406 205 2487 ξει
235 2406 355 2472 habent
382 2402 512 2491 πράξει,
556 2426 598 2471 ex
625 2428 687 2493 quc
710 2408 818 2474 Anca.
842 2409 933 2475 Vuic.
955 2408 1039 2474 Dae.
1063 2408 1186 2495 Bryaa.
1206 2412 1237 2475 ct

157 2507 274 2573 Reisk.
297 2504 428 2593 ὑπάρξει
451 2508 604 2572 iecerunt.
647 2508 764 2573 Melius
786 2515 895 2574 tamen
911 2507 1037 2575 Coraes
1058 2510 1237 2595 suspicati!

159 2616 212 2676 cst
232 2606 368 2694 παρέξει.
413 2605 450 2673 C.
473 2612 532 2671 XI.
556 2605 647 2672 713.
669 2628 700 2674 οι
722 2609 843 2675 verba:
868 2607 915 2674 06
936 2611 1029 2675 δοκεῖ-
1045 2607 1234 2692 ictuata

159 2715 234 2775 sunt
256 2711 358 2774 verba
381 2704 546 2773 Caesaris.
582 2701 718 2776 O.x11.
741 2707 830 2774 713.
855 2709 884 2774 b.
905 2728 964 2795 pro
985 2708 1064 2797 άχρι
1083 2708 1138 2789 άν,
1159 2708 1236 2799 qued

159 2828 241 2876 sane
263 2809 361 2892 vulgo
383 2808 570 2894 legebatur,
597 2807 712 2872 Reisk.
737 2814 771 2873 et
792 2809 928 2875 ssutten.
951 2810 1110 2877 meiius
1086 2834 1182 2901 οιχρις
1199 2808 1236 2877 δε

159 2909 326 2976 dederunt.
369 2906 405 2974 G.
427 2913 551 2973 XXVI.
574 2906 666 2973 72⁰.
689 2927 716 2974 c.
732 2906 831 2975 Οπου
852 2909 916 2997 γάρ
937 2909 1116 2994 rimam*
1097 2936 1118 2991 η
1115 2934 1269 3029 Ιγραμ-

158 3006 349 3097 ματοφόρον
371 3009 520 3072 διαδῦναι
541 3007 611 3093 παρ’
636 3007 739 3074 αὐτοῦ
757 3008 866 3096 χρόνῳ
894 2999 1050 3093 πολλῳ
1032 3036 1071 3089 ηπ
1105 3010 1236 3079 άπιστοτ

158 3112 277 3195 legitur
289 3158 300 3197 ,
340 3107 400 3175 sed
422 3111 566 3174 sortasse
584 3110 705 3197 χρόνον
725 3107 827 3175 πολὺν
854 3117 908 3176 cst
939 3110 1166 3194 scribendum,
1206 3116 1237 3177 rt

158 3211 323 3277 sententia
344 3209 405 3274 sit.
435 3230 507 3295 quc
531 3211 784 3296 perlongum
807 3207 967 3301 (hiemis)
988 3214 1182 3299 ten'pus
1173 3230 1237 3279 rn-

159 3309 362 3376 credibile
404 3317 496 3374 erat
538 3311 719 3374 nuntium
752 3318 1151 3399 penetrare‘possc.
1201 3306 1236 3393 0.

149 3415 280 3476 XXIX.
303 3407 392 3474 722.
416 3429 447 3475 a.
469 3415 501 3474 in
523 3410 657 3475 verbis:
700 3406 894 3494 Μάρκελλος
914 3409 1080 3477 ὑπατεύων
1100 3414 1161 3479 dm
1178 3412 1239 3479 τότ

157 3517 226 3577 ἐκεῖ
241 3511 422 3595 βουλευτῶν
442 3515 488 3584 εἰς
505 3506 628 3589 Ῥώμην
649 3506 848 3596 ἀφικόμενον
868 3509 983 3594 ᾔκιστο
1010 3508 1148 3596 ῥάβδοις
1174 3518 1238 3579 dm·

156 3613 273 3693 λέγων,
295 3607 338 3685 ὡς
358 3612 463 3674 ταῦτα
483 3612 542 3674 τοῦ
562 3608 606 3690 μὴ
622 3606 781 3726 Ῥρεμαῖον
802 3608 884 3674 εἶναι
905 3606 1083 3697 παράσημα
1108 3614 1239 3699 προστί-
1278 3606 1280 3651 ¹

158 3708 312 3789 δησιν’
273 3713 373 3792 αυτιό,
394 3714 451 3775 καὶ
472 3707 669 3775 δεικνύειν
651 3708 790 3775 απιόντα
807 3707 960 3795 ,Καίσαρι
981 3710 1240 3781 indicassem-

157 3813 248 3878 ferus
270 3831 328 3895 pro
345 3812 465 3877 ἑκίλευε
486 3810 609 3875 mavult
630 3815 790 3889 ἐκέλευσε,
813 3830 875 3897 ego
897 3812 1003 3877 malim
1024 3810 1200 3897 ararim,
1196 3816 1244 3881 11

158 3910 358 3997 respondeat
379 3910 570 3976 antecedi
556 3912 717 3992 ἐπιλέγων.
761 3911 800 3975 ln
829 3911 879 3975 iris
905 3910 1006 3976 dictis
1027 3914 1116 3981 enim
1143 3900 1243 3999 maja

159 4013 257 4078 etiam
291 4011 450 4077 adversus
481 4008 657 4077 Caesarem
686 4012 793 4076 inerat
824 4010 998 4078 acerbitas.
1041 4011 1082 4081 G.
1103 4012 1242 4083 xxxii
