2564 4508
554 92 928 163 -224-.

149 244 245 329 dicitt
251 260 357 364 ⁸alias
384 258 512 325 mallem
539 255 613 323 τότε
641 262 700 341 μὲν
730 247 797 324 οὖν.
851 258 943 325 Intra
969 276 1056 376 sane
1087 258 1244 329 similiter

106 383 206 429 ora
207 325 294 428 tioire
321 360 419 427 simili
446 359 538 425 linita
566 361 711 445 pergitur
744 357 829 425 Τότε
858 362 916 442 μὲν
944 347 1011 427 οὖν.
1031 356 1242 448 Equidem

149 464 331 531 censuerim
354 462 405 529 bic
427 480 447 527 a
468 461 604 546 Polybio
626 458 699 525 uiro
718 457 791 544 μὴν,
813 460 898 546 quod
920 461 991 527 lere
1012 478 1146 549 semper
1166 482 1241 529 oum

145 568 203 649 prb
224 570 436 650 permutatur,
460 563 613 647 scriptum
634 563 747 628 fuisse.
766 561 888 648 Cllll,
914 560 999 627 1.
963 586 1007 627 ια
1023 560 1086 629 ὅλοι
1105 563 1240 649 legitur.

148 665 239 753 CiX,
252 661 288 730 9.
303 653 461 744 ὧᾶνὸρις.
475 664 546 740 CX,
559 660 596 727 4.
609 665 762 727 Λευκίου.
784 661 815 727 Ὁ
830 670 864 729 et
876 663 918 728 ib.
932 660 967 728 9.
988 665 1116 748 corrige
1132 664 1167 729 δὲ
1182 670 1241 743 alc.

233 764 313 850 Cap.
338 760 449 849 CXll,
470 764 504 828 5.
535 765 568 829 in
597 765 724 829 verbis:
767 761 962 849 Βορύτιιτος
991 762 1056 849 γὰρ
1077 761 1118 845 δὴ
1139 767 1241 833 πᾶσιν

148 863 339 954 ἀνθρώποις
368 861 468 929 droti
495 867 620 947 μέλλειν
646 869 791 947 γίγνεται
818 862 945 950 χρόνος.
972 861 1054 931 ὅταν
1082 864 1115 931 d'
1149 860 1241 947 ἅπαξ

149 970 271 1053 κριθῇ,
293 962 344 1031 ὅτι
368 963 411 1031 ἂν
431 954 453 1049 ᾗ
473 962 610 1044 πάσχειν
630 963 758 1031 πάντων
779 967 843 1031 τῶν
864 962 1048 1033 δοκούντων
1068 964 1154 1033 εἶναι
1174 967 1239 1033 deo·

148 1072 214 1138 νῶν
243 1065 459 1148 ὑπομενετέον.
486 1067 562 1149 jure
590 1067 723 1133 offendit
752 1066 975 1133 Casaubonus.
1036 1067 1112 1133 lloc
1151 1074 1240 1135 eninr

148 1171 232 1237 bene
260 1168 390 1255 quidem
415 1167 487 1234 loco
517 1170 691 1248 convenit,
735 1167 820 1253 quod
853 1168 907 1234 bic
932 1167 1090 1254 Polybius
1122 1166 1239 1237 docete

147 1271 268 1339 nullum
289 1268 476 1335 mortalibus
498 1274 625 1355 tempus
646 1289 726 1337 esse
746 1268 935 1355 molestius,
955 1289 1051 1355 quam
1072 1270 1128 1343 nbi
1147 1290 1239 1341 mora

148 1373 306 1453 iubeatur.
352 1367 422 1436 Sed
445 1369 521 1456 quid
542 1370 644 1436 haec:
667 1367 747 1437 ὅταν
768 1371 885 1456 κριθῇ,
906 1370 1077 1455 postquam
1098 1391 1158 1439 res
1179 1372 1240 1441 se'-

147 1473 212 1541 mel
232 1474 267 1537 in
288 1471 461 1537 discrimen
482 1472 589 1549 venit,
611 1471 835 1537 sustinendum
857 1477 926 1558 cst,
952 1470 1105 1557 quidquid
1126 1491 1240 1543 eorum

148 1593 233 1660 quae
259 1572 341 1638 dora
367 1572 555 1652 videantur,
597 1564 774 1639 evenerit?
817 1573 904 1637 Num
927 1590 1046 1637 censes
1066 1571 1239 1659 Polybium

149 1675 212 1741 hoc
240 1674 407 1759 voluisse,
448 1692 570 1739 moram
597 1692 723 1760 quoque
751 1671 974 1740 sustinendam
1002 1690 1100 1762 esse,
1141 1682 1241 1763 post-

149 1793 246 1861 quam
266 1773 341 1840 alea
356 1775 448 1856 Jacta
469 1766 538 1841 sot
585 1773 687 1856 Quam
708 1775 906 1841 sententiam
934 1779 1042 1841 tamen
1069 1770 1146 1841 loeo
1172 1795 1240 1845 non

150 1875 235 1941 satis
256 1875 434 1941 convenire
456 1874 551 1941 facile
573 1875 747 1941 concedas.
789 1875 862 1941 lloc
884 1882 992 1942 autem
1018 1875 1048 1939 si
1078 1894 1146 1943 non
1174 1898 1240 1961 tro·¹

149 1976 209 2042 luit
215 2022 224 2055 ,
251 1974 391 2041 debebat
412 1973 618 2058 ὑπομενετέον
639 1975 723 2041 εἶναι
743 1972 899 2059 ἡγοῦνται
919 1982 975 2042 aut
997 1975 1062 2041 iaie
1084 1977 1162 2064 quid
1184 1978 1239 2061 di:

150 2096 239 2144 cere.
279 2077 355 2143 Non
377 2076 461 2141 male
482 2077 579 2160 igitur
601 2075 812 2144 Casaubonns
833 2074 868 2160 γ’
893 2096 950 2164 pro
971 2074 1003 2143 δ’
1028 2075 1122 2143 dedit
1152 2079 1236 2149 haec

64 2253 67 2260 ,
96 2247 97 2251 ,
150 2198 223 2245 cum
245 2178 402 2264 prioribus
424 2185 632 2244 connectens.
676 2180 723 2243 At
745 2179 886 2246 debebat
915 2181 1013 2247 etiam
1041 2181 1149 2264 κριθή
1176 2181 1237 2249 de-

149 2280 236 2358 lere,
279 2299 340 2365 qno
363 2278 472 2345 deleto
494 2277 584 2362 ety'
609 2277 720 2367 prod
746 2282 853 2365 posito
875 2282 980 2347 omnia
1003 2280 1085 2345 bene
1106 2281 1237 2349 habent

150 2381 262 2466 Nihil,
303 2380 407 2465 inquit
441 2380 606 2468 scriptor,
647 2400 737 2446 mora
765 2381 946 2459 hominibus
974 2388 1029 2447 est
1044 2384 1234 2473 molestius,

150 2490 322 2569 postquam
344 2479 488 2566 quidem,
523 2481 675 2567 quidquid
707 2482 848 2547 terribile
877 2500 955 2547 esse
980 2466 1154 2563 videatur,
1182 2492 1234 2551 est

149 2581 387 2651 sustinendum
431 2580 603 2646 Nostrum.
625 2582 698 2647 dem
719 2582 903 2647 Menschen
922 2582 968 2647 ist
982 2580 1081 2664 jeder
1093 2585 1235 2653 Aulent

149 2683 220 2751 halt
240 2683 357 2749 hiiolrst
378 2680 544 2768 mrwider,
564 2703 664 2748 wann
685 2683 822 2748 nitmlich
844 2683 960 2749 einmnl
982 2682 1044 2749 das
1065 2684 1236 2753 Schrnck·

148 2785 236 2851 liche
258 2804 301 2848 nu
322 2781 482 2847 bostehen
503 2784 556 2848 ist
598 2783 713 2867 Pugna
734 2785 848 2869 gravis
869 2785 954 2851 enim
975 2786 1235 2865 eratsnbeundn‚

150 2904 246 2970 quam
268 2882 352 2968 qnod
374 2901 440 2948 non
462 2886 573 2948 statim
594 2884 739 2968 incipere
767 2892 935 2970 poterant,
978 2885 1118 2953 moleste
1146 2888 1236 2955 lere-

150 2984 240 3051 bant.
267 2972 290 3066 ᾗ
316 2989 423 3049 antem
451 3003 551 3068 posse
581 2984 706 3071 omitti,
747 2986 893 3071 inprimis
917 2986 972 3051 ubi
999 2985 1042 3052 ad
1072 2986 1237 3072 adjectiva

149 3084 296 3151 verbalia
317 3085 500 3151 addendum
522 3085 592 3162 sit,
636 3085 744 3151 disces
773 3106 817 3152 ex
843 3087 989 3153 liiihner.
1019 3086 1163 3155 Gramm.
1191 3108 1238 3173 gr.

150 3181 242 3249 417.
262 3204 293 3250 n.
338 3185 477 3251 Videtur
505 3192 614 3251 tamen
647 3186 723 3253 inde
750 3189 855 3272 κριθῇ
884 3194 987 3255 ortum
1015 3206 1113 3253 esse..-
1144 3186 1238 3269 Quae

150 3285 183 3351 si
204 3285 261 3350 tibi
283 3287 376 3371 paulo
398 3287 572 3353 audaciora
597 3286 762 3368 videntur,
784 3297 877 3355 certe
897 3309 967 3355 cum
990 3285 1233 3373 Casarrbonoy'

150 3405 209 3471 pro
239 3383 272 3450 d'
305 3387 431 3453 scribes
458 3394 492 3453 et
521 3385 605 3451 εἶναι
632 3389 674 3453 ad
703 3387 910 3471 innocentior
937 3390 1116 3475 supplebis
1165 3388 1237 3473 Quo

151 3486 239 3553 sacto
267 3488 388 3554 hiatum
409 3494 487 3555 ante
516 3483 567 3552 ὅτι
596 3508 702 3574 pausa
729 3491 912 3555 excusabis.
955 3490 1036 3557 Mihi
1065 3497 1177 3559 tamen
1202 3497 1238 3559 et

150 3587 213 3653 hoc
234 3590 308 3675 quia
331 3587 433 3655 uerba
454 3589 576 3654 arctius
598 3590 775 3657 cohaerent
794 3592 900 3657 minus
921 3592 1088 3677 probabile
1103 3590 1237 3659 etnim

149 3689 256 3754 minus
277 3689 362 3757 bene
383 3690 528 3775 suppleri
551 3710 650 3775 posse
673 3692 810 3758 videtur.
835 3690 869 3757 6.
890 3693 998 3758 scribe
1018 3689 1067 3759 ἀν’
1085 3712 1147 3778 pro
1161 3686 1239 3773 tot,

150 3788 212 3855 sed
235 3785 269 3853 9.
301 3809 366 3855 non
387 3792 581 3875 inprobabis
602 3793 659 3857 καὶ
679 3789 877 3877 ἀνθρώπους
907 3812 1012 3878 neque
1039 3790 1175 3873 cxnr,
1200 3792 1239 3861 4.

152 3887 340 3957 ἀποστάσει.
361 3880 452 3970 ἦσαν.
478 3889 514 3955 7.
537 3893 663 3977 corrige
684 3894 718 3957 dd·
739 3890 801 3958 ἐπ’.
825 3890 953 3971 CXIV,
975 3890 1013 3959 4.
1042 3895 1078 3985 dd
1100 3890 1239 3979 Ἰβήρων.

154 3985 191 4054 6.
213 3990 247 4055 dl
268 3988 440 4074 εὐώνυμον.
464 3989 575 4077 CXV,
597 3991 633 4059 4.
662 3993 696 4060 δὲ
716 3994 906 4081 ἐκράτησαν.
934 3991 1081 4077 cxvll,
1109 3992 1147 4064 2·
1172 4000 1241 4079 dyd-
