2564 4508
472 124 747 191 ..405-

72 318 118 361 :ur
150 290 170 361 ὁ
197 295 299 373 δῆμος
325 297 370 369 είς
397 287 538 371 Βάκχας
564 316 596 357 ιι.
619 317 648 357 τ.
670 294 698 357 λ.
726 292 871 359 sortasse
896 302 1050 380 φανεῖται
1079 302 1157 364 ante

72 398 160 461 πλέον
180 401 255 462 erut
276 394 476 461 collocutum.
519 392 555 459 0.
570 397 648 459 Vll.
666 390 759 459 349.
781 394 815 459 d.
836 394 888 459 ier
905 392 965 477 Ιτὴν
985 397 1157 480 Βραοιὶῖου

72 490 199 561 ἀσπίδα.
242 496 289 561 lh.
312 492 404 559 349.
427 495 447 559 l.
470 495 503 559 in
526 495 654 559 verbis:
676 492 750 559 οὐδὲ
770 490 858 584 (ser.
881 492 948 560 oriri
951 490 973 584 J
994 492 1047 561 ὅτε
1059 496 1156 581 Καρ-

75 606 155 673 εῖναι,-
165 592 301 681 Ἀερόπῃ
316 590 393 687 (ulii
410 589 645 683 enni'Alrinp]
657 597 757 673 συνῆν
771 591 930 681 ἢἙιιτορι
939 593 1156 679 Ἀστυδάμας,

78 694 156 763 inest
170 698 262 763 lusus
284 698 455 763 verborum
467 691 673 776 Ἀστυδάμας
685 690 876 787 (tragicus)
893 703 927 763 et
939 693 1157 777 Ἀστυδάμεια

82 790 171 887 (ενοι
187 793 365 886 lleetoris)
385 815 449 882 qua
467 795 510 861 de
531 814 631 861 eausa
648 802 760 882 συνῆν,
780 797 867 883 quud
881 796 992 862 Pales.
1007 795 1050 861 uri
1067 796 1158 862 ller-

82 916 153 983 prrr.
174 920 205 985 p.
226 896 293 963 43.
315 904 350 963 et
373 898 529 963 Valcken.
551 895 655 962 Diutr.
680 896 743 962 13.
765 897 1017 983 reprehendunt,
1038 897 1157 963 defen·

85 994 184 1079 num,
206 1005 242 1065 et
262 998 418 1065 verterim
439 1008 543 1082 sane,
563 997 611 1062 uti
630 997 752 1063 latinus
773 999 954 1084 interpres,
977 1016 1053 1083 per:
1074 1016 1156 1063 rem

86 1096 217 1181 lrhuit.
262 1099 434 1185 Wytleuh.
456 1099 597 1182 conjecit
617 1098 672 1164 vel
693 1103 785 1163 ἐνίκα
805 1100 860 1165 vel
881 1097 1032 1185 εὐημέρει.
1074 1102 1157 1165 Item

87 1214 137 1265 Ινν
154 1199 281 1266 offendo
301 1218 329 1265 e.
351 1203 443 1264 Vlll.
466 1198 556 1263 350.
577 1217 609 1265 e.
640 1199 675 1265 in
704 1195 764 1265 τὸν
785 1198 950 1278 Αἰσχίνου
977 1196 1066 1264 κατά
1093 1200 1157 1265 Τι-

86 1294 195 1383 μάρχου
216 1297 426 1384 ἑταιρήσεως,
449 1306 485 1365 nt
506 1301 542 1365 in
562 1299 665 1366 titulo.

95 1426 99 1459 ÷
133 1398 222 1481 Quae
233 1420 305 1467 eum
316 1402 362 1467 ite
376 1402 443 1466 sint
459 1408 529 1468 tres
543 1403 649 1467 minus
661 1401 758 1468 lecile
771 1402 977 1469 excusandus
989 1405 1109 1494 hirtus,
1119 1412 1156 1471 ut

87 1501 249 1567 ellrluns
260 1510 295 1568 et
307 1521 335 1567 e.
350 1506 418 1580 Vl,
436 1505 584 1588 reperies
596 1504 628 1567 in
644 1502 706 1567 hue
715 1502 909 1585 juveniliter
923 1506 1046 1591 scriptu
1061 1504 1152 1571 lihru.

94 1596 104 1645 -’
133 1604 168 1667 ln
190 1602 271 1667 libro
301 1602 353 1667 de
375 1602 489 1668 Iside
519 1608 561 1669 el
583 1600 750 1669 osiride
778 1622 806 1668 e
830 1602 869 1667 V.
891 1624 923 1689 p.
945 1602 1036 1669 353.
1059 1626 1088 1672 u.
1111 1606 1155 1672 :ul

85 1702 195 1769 venta:
238 1700 331 1767 οὐδὲν
358 1694 423 1789 γάρ
450 1699 535 1767 οὗτοι
560 1702 636 1786 Ιτιμὴ
663 1702 872 1793 Αἰγυπτίοις,
912 1702 956 1781 ὡς
982 1704 1000 1770 ὁ
1030 1707 1157 1783 Νεῖλος

87 1796 246 1889 Wyttenb.
269 1803 352 1868 haee
372 1804 566 1891 adscripsit:
588 1804 819 1885 „hleziriucum
840 1812 875 1869 et
889 1804 1060 1873 Reishium
1081 1806 1157 1889 τιμὴ

83 1904 202 1983 effendit
213 1910 248 1969 ἐν
261 1905 337 1985 τιμῇ
350 1906 573 1989 requirentes:
595 1910 688 1971 uerte
701 1912 831 1991 poterut
845 1914 901 1971 sut
914 1906 976 1972 hue
993 1914 1049 1973 unt
1062 1910 1158 1989 τιμά-

82 2006 323 2091 rescripsisse
350 2006 562 2071 Plutarchus:
580 2006 684 2092 ,quod
706 2026 789 2072 nune
810 2007 940 2090 legitur,
960 2008 1066 2073 minus
1087 2027 1159 2073 cum

79 2096 174 2187 ipsius
195 2107 361 2180 eratione,
383 2126 477 2191 quum
501 2106 644 2186 Aeliani,
665 2108 857 2173 Philostrati
879 2115 914 2173 et
934 2109 1083 2173 similium
1103 2128 1162 2173 eu«

77 2202 217 2272 rlusitnle
240 2206 420 2292 ιιοιιὲιοὶιίζ
462 2205 625 2292 Erprirlem
646 2208 737 2286 τιμῆς
763 2208 936 2291 legendum
967 2218 1046 2275 esse
1076 2228 1161 2275 cen-

77 2320 150 2394 sen,
168 2314 204 2371 nl
224 2311 392 2391 genitivus
414 2310 454 2373 uh
476 2308 560 2374 οἵτιο
584 2314 734 2390 regatur,
757 2306 799 2371 rle
820 2327 882 2392 quo
905 2329 983 2393 usu,
1007 2310 1037 2372 si
1059 2306 1162 2385 οἶτος

75 2408 233 2491 siguilieut
255 2428 302 2474 eo
323 2408 471 2494 gradu,
493 2430 527 2475 v.
549 2406 733 2473 Bernhuul.
753 2413 840 2491 synt.
860 2427 911 2489 gr.
933 2428 964 2491 p.
989 2406 1077 2472 158.
1122 2408 1160 2474 G.

75 2504 161 2573 Vlll.
184 2531 213 2595 p.
236 2508 326 2573 353.
350 2530 379 2575 e.
402 2511 436 2575 in
458 2511 588 2576 verbis:
610 2506 684 2573 οὐδὲ
705 2502 793 2595 (ser.
808 2503 901 2595 οάιῒ)
924 2506 985 2573 ὑπὸ
1007 2509 1159 2573 δεισιδαι-

73 2614 546 2691 μονίας-ἐγκατεστοιχειοῦτο
576 2614 771 2697 ἱερουργίαις
793 2608 1070 2692 Wyltenbuelrius
1091 2611 1161 2691 jum

76 2708 241 2777 desiderat
262 2711 429 2775 articulum
453 2722 534 2785 ταῖς.
578 2709 617 2775 C.
640 2714 698 2773 IX.
721 2730 753 2794 p.
775 2705 865 2773 354.
887 2708 918 2772 d.
940 2710 973 2773 in
990 2708 1119 2775 veihis:
1140 2704 1161 2786 ἦ

72 2814 129 2887 μὲν
151 2802 209 2876 οὖν
230 2809 381 2894 εὐλάβεια
402 2813 457 2888 τῆς
479 2814 548 2897 περὶ
570 2809 613 2873 τά
635 2812 717 2873 θεῖα
738 2813 860 2895 σοφίας
881 2809 1080 2889 Αίγνπτάον,
1101 2834 1162 2874 το-

72 2910 176 2989 σαύτη
197 2901 256 2993 ἦν,
278 2912 420 2975 fortusse
441 2900 479 2988 ἦν
501 2932 565 2977 nun
588 2918 679 2977 estu
700 2910 878 2975 Plutarcho
901 2911 1087 2995 proiectum.
1122 2910 1160 2977 (¹.

76 3014 119 3077 X.
143 3011 233 3076 354.
256 3013 274 3076 f.
296 3013 329 3074 in
352 3011 485 3077 verbis:
527 3012 612 3075 δοκῶ
639 3008 672 3074 δ’
697 3016 797 3093 ἔγωγε
817 3014 874 3075 καὶ
895 3009 933 3074 τὸ
954 3009 1012 3091 τὴν
1032 3009 1162 3091 μονάδα

73 3114 150 3190 τοὺς
167 3112 289 3199 ἄνδρας
311 3110 477 3193 ὀνομάζειν
496 3109 701 3193 Ἀπόλλωνα,
720 3113 778 3175 καὶ
800 3108 858 3187 τὴν
879 3108 985 3174 δυάδα
1002 3110 1161 3199 Ἄρτεμιν,

72 3206 220 3293 Ἁῧηνάν
241 3215 275 3277 lt·
296 3212 353 3289 τὴν
374 3208 550 3298 ἑβδομάδα,
572 3213 764 3275 Ποσειδῶνα
782 3212 814 3275 ὃὲ
836 3209 893 3275 τὸν
914 3213 1039 3295 πρῶτον
1053 3210 1164 3296 κύβον,

73 3314 211 3379 llutlen.
235 3334 305 3378 eum
328 3311 436 3398 Squir.
460 3314 493 3376 iu
515 3312 572 3388 τὴν
592 3310 853 3396 ὃνάὸαἏοτεμιν
866 3312 1034 3377 articulum
1048 3319 1164 3378 truns-

74 3417 183 3502 pnsuit
205 3434 263 3499 pro
286 3420 364 3477 cett.
396 3410 503 3477 ὃνάὸα
532 3410 591 3488 τὴν
613 3410 783 3495 Ἄρτεμιν,
826 3413 910 3498 ιμιοιΙ
941 3413 1103 3478 Faehsirrs
1132 3415 1164 3478 in

73 3515 247 3583 Animadv.
269 3515 303 3577 in
325 3514 489 3578 Plutarch.
505 3511 591 3596 (lpp.
608 3511 689 3595 inps
716 3511 831 3577 1825.
855 3534 884 3598 p.
911 3511 972 3576 14.
997 3515 1079 3577 bene
1100 3513 1164 3578 de-

72 3617 202 3693 fendit,
231 3615 306 3699 quin
338 3615 398 3678 huc
428 3614 469 3679 uh
490 3612 602 3694 ἄρτιος
625 3612 803 3677 derivetur.
848 3613 885 3678 C.
905 3617 995 3676 XlX.
1020 3609 1109 3677 385.
1135 3632 1162 3677 e.

72 3716 183 3783 Osiris
206 3735 248 3779 ex
271 3715 360 3777 llere
383 3716 532 3798 quirent:
576 3717 611 3775 τί
627 3711 867 3797 χρησιμώτερον
887 3720 989 3777 οἴεται
1010 3714 1090 3790 ζῶον
1120 3719 1165 3785 είς

72 3816 183 3894 νάκην
203 3814 334 3894 ἐξιοῦσι.
369 3817 427 3877 τοῦ
456 3811 492 3876 ‹l'
511 3810 610 3895 Ὥραν
631 3812 728 3875 ἵππον
748 3813 910 3888 εἰπόντος.
932 3812 1163 3890 ἐπιθαυμάσαι

72 3920 129 3983 καὶ
152 3917 366 3995 διαπορῆσαι,
387 3917 453 3989 πῶς
476 3914 514 3978 οὐ
535 3917 653 3979 λέοντα
673 3914 816 3992 μάλλον,
838 3908 905 3977 ἀλλ’
938 3912 1043 3975 ἵππον.
1067 3914 1166 3972 εἰπεῖν

72 4011 131 4087 ὀὖν
153 4020 214 4081 τὸν
232 4008 337 4103 Ὡμον,
360 4014 403 4090 ὡς
424 4018 502 4079 λεἰον
521 4017 579 4097 μὲν
600 4011 763 4098 ὠφέλιμον
785 4013 971 4089 ἐπιδεομένῳ
992 4010 1163 4089 βοηθείας,
