2580 4514
460 141 733 219 ..255-

55 311 130 389 τῆς,
148 294 327 386 ἀνατολῆς,
362 307 446 377 alter
466 305 486 373 ὃ
507 305 572 375 ἀπὸ
592 311 649 387 τῆς
669 307 787 388 δύσεως
807 316 896 392 erat,
938 288 999 379 sed
1026 308 1148 398 pluteo,

54 430 195 497 quorum
217 406 235 474 ὁ
255 409 312 490 μὲν
332 415 482 492 μέγιστος
509 407 574 475 ἀπὸ
603 412 659 488 τῆς
685 407 845 490 ἀνατολῆς
868 411 1024 496 jacebat,
1065 412 1151 482 itlius

55 511 137 578 huic
158 511 328 597 oppositus
349 507 415 575 ἀπὸ
439 509 654 590 τῆςδυσιως,
698 512 801 579 ceteri
826 512 988 580 adversus
1011 520 1152 599 septen·
1246 538 1265 568 ·.

53 614 198 679 trionem
216 616 269 692 (οἱ
289 613 323 676 δὲ
350 610 576 696 λοιποὶ-πρὸς
596 612 747 698 ἄρκτον).Ι
789 612 927 681 videtur
946 620 1057 683 autem
1077 633 1150 680 cum

52 721 151 781 recte
172 711 191 778 ὁ
210 719 287 779 ante
308 708 374 778 ἀπὸ
395 711 513 789 δύσεως
533 715 566 779 ia
588 714 679 779 libris
700 713 774 779 istis
796 714 898 800 absit,
948 721 1026 801 post
1053 712 1149 781 ἀντί-

56 819 170 881 κειταί
188 839 236 891 τις
258 814 432 879 excidisse·
474 814 556 880 lbid.
583 813 641 879 10.
664 815 697 879 in
718 815 848 881 verbisr
868 821 907 881 orl
926 817 961 881 δὲ
981 819 1092 883 λοιπαὶ
1112 821 1152 885 αἱ

56 916 127 980 τῶν
148 912 327 979 ἐλαττόνων
346 916 472 998 (locucio
494 913 649 996 ὑπεροχαὶ
669 912 707 978 τὸ
728 914 807 998 πρὸς
828 913 949 1001 ἄρκτον
970 914 1071 996 αὐτῆς
1095 923 1151 999 μέ-

59 1019 129 1101 ρος.
148 1023 341 1103 περιέχουσι.
384 1015 580 1103 Schtveigh.
602 1017 787 1100 vulgatumr
817 1027 891 1094 ταῖς
911 1017 976 1083 τῶν
996 1021 1041 1083 dl„
1060 1019 1152 1102 βουν.

58 1106 237 1203 ὑπεροχαῖς
258 1135 303 1183 cx
323 1117 512 1200 conjectura
532 1118 567 1183 in
587 1113 823 1200 αι’-ὑπεροχαὶ
843 1119 997 1196 mutavit,
1040 1116 1152 1189 Scali-

55 1237 131 1303 ger.
153 1223 260 1283 autem
273 1217 460 1283 Gronovius
481 1224 515 1285 et
527 1218 685 1297 Reiskius
706 1222 743 1282 ut
764 1219 873 1283 λοιπαὶ
886 1219 919 1282 iu
932 1223 965 1285 οἱ
974 1221 1082 1285 λοιποὶ
1094 1221 1151 1289 ie

58 1315 164 1405 λόφοι
185 1318 369 1385 mutandum
388 1319 640 1385 essevideruut.
684 1315 806 1398 Quibus
819 1317 947 1404 quidem
961 1319 1176 1406 Sclrweigh·¹
1247 1373 1251 1377 -

60 1420 218 1506 oppordtr
245 1438 284 1485 se
305 1439 368 1485 nou
390 1420 574 1507 intelligere
582 1467 594 1508 ,
627 1419 701 1504 quid
724 1418 869 1485 sithoc:
898 1425 931 1485 ot
952 1422 1059 1487 λοιποὶ
1079 1418 1153 1502 [λό-

59 1524 145 1607 φοι]
171 1528 244 1596 ταῖς
271 1518 542 1613 adiudicandum
568 1521 696 1604 βοννῶν
725 1516 899 1603 ὑπεροχαῖς
914 1544 958 1600 α.
978 1545 1009 1587 τ.
1031 1523 1061 1587 λ
1104 1523 1153 1589 At

59 1619 171 1708 λωφος
196 1622 232 1689 iu
259 1608 444 1700 universum
471 1620 585 1685 collem
612 1621 686 1685 sive
714 1621 867 1704 maiorem
895 1621 971 1688 sive
999 1623 1154 1691 minorem

62 1720 240 1805 siguificat
305 1721 423 1788 Potest
455 1720 555 1805 igitur
582 1722 723 1806 scriptor
750 1722 835 1787 bene
860 1723 1003 1806 majores
1030 1718 1156 1808 λόφους

62 1821 257 1891 discernere
278 1829 314 1890 et
335 1821 453 1888 deinde
474 1840 630 1906 pergere:
652 1810 757 1887 ceteri
778 1809 907 1904 obJectu
928 1822 1083 1888 minorum
1096 1842 1158 1889 ca·

64 1922 227 1988 cuminam
251 1923 453 1988 circumdant
480 1921 599 1999 urbem.
654 1920 736 1989 lbid.
768 1919 831 1986 13.
860 1923 893 1989 in
915 1920 958 1989 τὰ
988 1919 1155 2007 ὑποζύγια.

63 2020 152 2099 ΧΙΙ,
175 2019 212 2088 7.
244 2022 287 2087 τὰ
308 2018 371 2088 ὅλα
392 2042 456 2088 nou
476 2021 629 2088 haerebis
650 2041 758 2110 neque
779 2023 820 2088 ilr.
842 2023 876 2088 ia
903 2019 1074 2107 θαρρἡιι.
1104 2022 1157 2107 ori,
1216 2070 1227 2093 .·

61 2123 211 2189 sortasse
232 2124 329 2189 etiam
342 2142 405 2189 uon
418 2120 514 2208 Xlll,
528 2122 565 2188 5.
587 2124 619 2187 in
641 2147 673 2187 τι
693 2120 793 2207 αὐτῷ.
834 2122 906 2191 Scd
921 2125 964 2189 ib.
981 2120 1016 2190 9.
1029 2131 1063 2191 iu
1076 2143 1158 2192 ver·

62 2223 134 2290 bis:
157 2219 209 2311 dcc
229 2224 264 2288 δὲ·
284 2226 341 2289 καὶ
362 2220 478 2300 δοκοὺς
492 2222 511 2301 ἦ
526 2247 557 2287 τι
570 2224 720 2288 τοιοῦτον
732 2220 950 2307 ἐγχειρήσαιιν
962 2224 1156 2310 ἐπιρῥίπτείν
1264 2247 1267 2254 ·

64 2329 100 2390 ot
121 2326 257 2389 ἐπὶτῶν
278 2321 437 2402 ἐπάλξεων
459 2342 572 2388 omues
594 2325 665 2388 libri
687 2328 720 2387 οἱ
741 2323 933 2408 ommittuut,
956 2345 1051 2411 quem
1072 2331 1158 2393 arti-

65 2426 173 2491 culum
194 2423 385 2509 Sclrweigh.
408 2441 428 2489 e
449 2426 535 2508 conj.
557 2424 688 2490 Reiskii
708 2422 852 2502 addidit,
884 2422 1024 2493 Casaub.
1046 2433 1156 2494 autem

66 2529 196 2611 ecouj.
216 2522 280 2591 ιἰιιὸ
308 2544 365 2611 pro
393 2527 444 2591 tat
477 2524 580 2591 edidit
609 2532 644 2591 et
670 2545 729 2609 pro
757 2521 874 2600 δοκοὺς
901 2521 922 2601 ἦ
949 2525 1160 2613 aedemque,

64 2624 153 2713 quod
176 2621 316 2692 casaub.
337 2625 552 2713 benededit,
579 2624 649 2691 libri
677 2625 809 2716 habent*
825 2625 962 2690 δοκοῦσι
989 2649 1033 2691 τι.
1075 2626 1159 2694 Mihi

58 2716 187 2795 autem
200 2745 304 2814 neque
325 2727 481 2792 articulus
502 2725 712 2792 necessarius
733 2743 811 2792 esse
832 2724 975 2813 videtur,
996 2732 1052 2793 est
1072 2728 1158 2796 cuim

64 2829 247 2912 subjectum
268 2846 311 2892 ex
331 2827 484 2914 praeced.
507 2828 571 2891 τῶν
592 2824 803 2908 ἀμυνομένων
824 2827 1059 2914 supplendum,
1093 2847 1159 2896 no-

66 2942 134 3016 que
154 2923 231 2993 ἀπὸ.
273 2928 360 2993 Nam
380 2931 438 2993 tut
452 2927 505 2993 hic
525 2926 588 2993 luci
611 2929 775 2993 notionem
797 2933 901 2993 tenet.
925 2926 1019 3014 xlv,
1033 2925 1071 2994 8.
1092 2948 1162 3015 nou

65 3029 222 3097 haerebis
244 3029 277 3094 ia
298 3029 338 3095 τὸ
358 3025 453 3114 ὕδωρ.
476 3048 582 3116 neque
603 3029 667 3094 alia
689 3027 731 3095 dc
752 3048 852 3095 causa
866 3026 942 3110 XV,
957 3027 1019 3094 11.
1037 3025 1158 3095 iu‘Pu-

63 3142 174 3214 μαῖσι.
203 3128 275 3208 Εἰς,
293 3129 461 3212 auxil,
478 3131 513 3195 5.
532 3154 566 3195 τι
580 3128 786 3214 ἀρρωστοῦσι
808 3138 844 3197 el
864 3128 909 3196 τὰ
930 3127 993 3197 ὅλα
1013 3130 1160 3201 emenda.

155 3226 236 3317 Cap.
250 3228 378 3312 xant,
403 3229 465 3299 ta.
488 3233 520 3297 in
542 3231 681 3299 verbisz*
697 3228 759 3297 οὐκ
779 3227 902 3318 ὀρθῶς,
924 3237 999 3320 ἔφη,
1018 3220 1158 3317 δστρα-
1246 3228 1250 3247 ²

18 3328 23 3341 '
67 3331 147 3413 τηχλ
187 3350 251 3397 σου
290 3332 458 3412 offendes,
502 3330 674 3399 tacendum
709 3337 820 3397 tameo
855 3351 919 3399 non
953 3340 1008 3399 est
1020 3378 1032 3420 ,
1075 3322 1101 3398 d
1137 3352 1168 3401 a·

68 3430 263 3516 Schtueiglr.
293 3454 340 3511 ¹cu
367 3433 472 3501 Suida
513 3451 592 3499 esse
627 3431 772 3515 additum
785 3479 795 3514 ,
838 3451 911 3499 cum
940 3435 1043 3501 ceteri
1073 3434 1161 3503 hanc

68 3534 264 3620 particulam
297 3535 456 3600 omittant
492 3533 575 3599 ΧΙΧ
587 3581 598 3614 ,
631 3534 664 3599 1.
709 3530 809 3598 Μετδι
844 3534 952 3599 ταῦτα
984 3536 1159 3622 παρεδίδου

70 3642 142 3709 τοῖς
168 3638 300 3716 ταμίαις
326 3630 369 3699 τὰ
393 3619 568 3719 χρήματα,
611 3630 676 3699 ὅσα
702 3629 844 3713 δημόσια
871 3631 1069 3721 κατελήφθη
1095 3636 1161 3703 τῶν

68 3729 332 3819 Καρχηδονίων,
363 3743 454 3801 recte
476 3735 604 3822 quidem
632 3730 816 3799 aCasaub.
838 3730 980 3816 δημόσια
999 3754 1059 3822 pro
1080 3742 1161 3802 cett.

69 3835 212 3917 δημοσία
233 3841 288 3903 cst
308 3842 499 3925 correctum,
520 3835 597 3901 milri
618 3841 728 3901 tamen
749 3832 880 3901 videtur
901 3837 1003 3915 etiam
1023 3832 1066 3899 τδι
1078 3829 1160 3921 χρή·

65 3957 161 4016 ματα
188 3954 254 4001 nou
281 3955 303 4003 o
329 3935 465 4022 Polybio
501 3936 681 4023 proiectum
707 3951 796 4001 esse.
829 3933 913 4015 XX,
946 3933 982 4000 1.
1014 3933 1163 4019 corriges

64 4057 144 4099 τινα
163 4039 208 4101 ἐν.
251 4036 365 4147 Facile
386 4038 477 4104 seres
497 4038 540 4104 it.
562 4034 598 4102 7.
627 4038 778 4117 πολέμου.
824 4031 913 4102 'Era
942 4041 978 4104 et
1005 4030 1166 4124 xx1,1.
