2564 4508
465 118 951 239 ¹---·usc--'

141 320 225 381 runt,
244 304 251 325 ¹
269 310 339 379 Sed
361 313 435 399 ipso
454 313 511 379 illu
532 314 614 380 miro
640 314 743 391 ratio,
773 331 837 400 quo
862 330 903 378 se
933 312 1031 377 torsit
1056 310 1235 409 Reislrins,

141 424 177 509 ut
199 424 241 480 eli
270 415 379 480 verbis
406 412 424 477 ὁ
452 412 516 498 γὰρ
543 411 644 491 οὕτως
670 413 836 497 θεώμενος
865 413 1064 479 sententium
1090 412 1238 500 uquuam

45 548 49 567 ·
117 516 356 612 exprimeret,
379 518 463 581 satis
485 516 648 601 ostendit,
670 516 734 580 olio
756 516 930 580 etiamnum
952 534 996 579 ex
1017 520 1113 600 purte
1135 513 1237 579 labo-
1265 550 1274 569 .

25 624 28 633 '
141 634 215 681 rure
237 617 435 706 orationem,
457 619 505 682 cui
528 617 679 682 facillime
700 615 917 700 medebimur,
936 612 1106 701 putumus,
1126 615 1159 679 si
1179 619 1237 695 [ut

142 717 297 796 diximus)
319 715 358 782 οὐ
379 716 443 804 γὰρ
466 714 620 793 οὕτως...
640 719 809 802 μακαρίζει
831 716 969 800 legimus
991 724 1025 779 et
1043 714 1167 781 deinde
1187 712 1237 791 οἷς

142 818 272 903 φθονεῖ
289 815 377 903 ἅμα,
400 821 460 882 καί
478 843 527 893 τις
548 821 634 893 ἔλεος
654 819 711 883 vel
732 815 775 893 ὡς
796 818 931 904 φθονεῖ,
953 812 1024 897 ἅμα
1044 818 1080 883 dl
1099 820 1164 881 καί
1180 838 1235 893 τις

73 905 77 914 ’
140 921 237 994 cusos.
281 920 460 985 Praeterea
481 917 589 983 αὐτόν
609 920 740 984 defendi
762 918 888 1004 quidem
902 919 1033 1003 poterit,
1054 916 1235 983 referendo

142 1017 184 1085 ad
205 1021 270 1083 τῶν
290 1017 539 1102 ἀποβαλόντων,
584 1020 643 1085 sed
667 1018 861 1085 commodius
883 1020 993 1104 utique
1014 1016 1149 1084 videtur
1169 1014 1255 1091 aba,

140 1116 199 1183 τὸν
220 1120 276 1185 vel
298 1117 388 1202 αὐτῷ
411 1119 585 1203 ὑποτρέχει,
608 1121 695 1185 subit
715 1138 787 1185 eum
808 1115 1071 1185 misericordia.“'
1104 1117 1158 1183 At
1177 1116 1239 1185 Io-

141 1238 212 1285 cum
234 1241 297 1285 non
319 1228 411 1286 recte
432 1221 663 1286 intellexerunt
683 1221 892 1306 interpretem
936 1220 1092 1306 Polybius
1114 1218 1238 1305 dispu-

140 1326 190 1384 tat
211 1320 254 1386 de
275 1339 386 1386 errore
408 1340 534 1410 eurum,
576 1322 631 1407 qui
663 1323 790 1407 putriue
818 1321 999 1387 conducere
1027 1319 1238 1407 existiment,

140 1421 280 1508 undique
308 1429 513 1488 monumenta
541 1430 636 1508 rupta
661 1424 695 1487 in
723 1442 795 1488 eum
824 1422 1007 1488 transferri.
1074 1419 1235 1505 Inprimis

140 1521 221 1586 dicit
242 1543 302 1588 eos
323 1543 481 1608 peccare,
516 1525 570 1610 qui
593 1524 748 1607 ejusmodi
768 1524 929 1589 institutis
950 1521 989 1603 (i.
1011 1540 1042 1587 e.
1064 1521 1236 1604 elegeritis

142 1629 292 1708 operum]
314 1630 412 1689 onteu
433 1644 498 1691 non
520 1627 570 1690 usi
592 1625 678 1710 siut,
714 1622 812 1710 idque
835 1617 1003 1710 expressit
1032 1622 1235 1707 scriptorio

141 1723 254 1788 verbis
279 1723 317 1788 4.
348 1723 394 1788 Εἰ
420 1727 477 1804 μὲν
503 1722 567 1811 γὰρ
593 1732 630 1790 ὲκ
656 1724 813 1789 τοιούτων
840 1723 1036 1811 ὁρμηθέντες
1062 1744 1094 1787 ιι.
1118 1746 1150 1787 τ.
1172 1723 1233 1801 λ).

142 1821 249 1888 Erunt
270 1825 372 1911 enim,
401 1825 519 1910 inquit,
547 1827 600 1910 qui
622 1826 683 1890 hoc
705 1826 844 1891 moleste
864 1828 985 1904 terent,
1021 1821 1108 1909 quod
1136 1822 1234 1887 cives

143 1925 194 1990 sui
216 1925 340 1989 olienus
362 1945 469 1989 mores
491 1926 655 1990 imitentur
675 1922 852 2005 (Catonem
875 1933 910 1991 et
928 1924 1056 1989 similes
1064 1924 1124 1988 tibi
1137 1924 1233 2007 cogi·-

141 2032 195 2104 tu)
215 2026 302 2113 iique
324 2027 378 2112 qui
398 2026 637 2111 simplicissimo
659 2026 708 2090 usi
731 2034 807 2092 sunt
828 2029 919 2092 vitue
939 2044 1063 2110 genere
1085 2021 1231 2105 (ἁπλου-

141 2124 273 2202 οτατοις
292 2125 452 2211 χρώμενοι
471 2128 555 2210 βίοις
575 2148 604 2192 ιι.
625 2152 655 2192 τ.
676 2130 734 2207 λ.).
788 2125 992 2212 Culusamque
1011 2124 1104 2191 addit
1125 2125 1231 2191 huno:

141 2228 227 2293 Nam
249 2230 304 2314 qui
325 2229 374 2293 sle
395 2229 416 2293 i.
440 2247 469 2294 e.
489 2229 531 2293 ob
554 2229 605 2293 his
625 2228 784 2293 institutis
812 2229 1010 2314 simplicibus
1038 2231 1093 2292 est
1117 2224 1243 2317 profe--

142 2336 215 2395 ctus
236 2329 283 2408 (Ὀ
303 2326 368 2412 γὰρ
389 2324 490 2404 οὕτως
511 2325 701 2412 ὁρμώμενος,
724 2328 807 2415 quod
830 2336 882 2394 est
903 2329 1084 2415 oppositum
1104 2328 1173 2391 illi:
1193 2332 1230 2393 ὲιι

141 2427 516 2516 τοιοότωνόρμηθέντες)
531 2449 730 2515 nequaquam
746 2432 858 2495 beatos
873 2428 1042 2516 praedicnt
1055 2428 1109 2515 quii
1121 2428 1231 2495 eliens

140 2530 202 2595 sibi
219 2531 586 2626 compararuntuuibus
597 2535 632 2595 ut
642 2530 787 2597 invideat
803 2549 861 2594 seu
876 2531 1037 2595 irascatur
1049 2535 1126 2614 (pro
1136 2528 1229 2615 ‹pdo-

141 2639 194 2695 νεῖ
202 2632 328 2696 solibus
342 2633 503 2717 φθονεῖν)
524 2632 615 2697 simul
631 2633 727 2697 etism
743 2632 980 2711 commiseratio
994 2629 1155 2715 quaedum
1169 2648 1229 2695 eo-

141 2752 221 2818 rum,
243 2733 356 2817 quibus
371 2732 452 2797 baec
469 2733 559 2797 initio
578 2733 707 2797 fuerunt
725 2732 842 2816 ablate,
857 2731 954 2795 subit.
977 2731 1153 2795 Nostrumr
1174 2727 1233 2796 eui

142 2833 270 2897 welche
292 2833 439 2915 unwillig
461 2853 502 2897 uir
524 2835 597 2898 sein
618 2834 674 2897 ibn
701 2833 850 2916 uugleieh
878 2831 932 2897 ein
960 2831 1127 2914 genuisses
1148 2828 1229 2895 ulit·

141 2933 249 2997 leiden
272 2952 379 3016 gegen
401 2932 465 3006 die,
486 2934 613 2999 urslebe
633 2954 670 2999 es
692 2932 914 3019 urspriingliclr
937 2932 1091 2997 verloreo
1111 2930 1229 3009 huben,

16 3059 25 3067 ·
143 3033 352 3098 bescbleieht.
377 3071 416 3081 —
446 3034 501 3099 De
523 3033 679 3099 inlinitivo
701 3055 732 3099 v.
756 3029 901 3098 Kiihner.
924 3031 983 3097 Gr.
1005 3052 1055 3115 gr.
1077 3028 1113 3118 3.
1136 3027 1229 3109 826,

143 3132 178 3199 2.
200 3131 232 3219 3.
262 3135 319 3199 ll.
342 3155 385 3200 ne
406 3134 532 3200 ollende
554 3136 586 3196 in
606 3131 650 3213 μὴ
672 3132 711 3198 od
733 3145 817 3222 τοῖς,
860 3134 911 3197 ub.
934 3132 984 3197 ed.
1010 3134 1044 3197 1.
1073 3132 1161 3199 male
1185 3129 1230 3211 μὴ

142 3230 249 3308 οὕτως
270 3235 386 3313 habet,
414 3234 621 3320 nequeXV,
645 3232 679 3299 5.
707 3236 739 3300 in
760 3233 804 3316 μὴ
826 3231 865 3297 οὐ
874 3281 887 3314 ,
908 3232 1027 3318 XVII,
1049 3230 1086 3297 e.
1116 3233 1151 3297 in
1184 3230 1232 3297 Τι’

144 3323 218 3421 οἷν,
246 3335 310 3398 nisi
331 3336 374 3399 ibi
396 3338 502 3401 mavis
529 3336 577 3399 Τι’
595 3333 627 3398 d'
655 3324 713 3399 οὖν
735 3337 888 3401 seribere.
910 3333 1044 3411 XVIII,
1069 3332 1102 3395 I.
1116 3328 1228 3414 αὐτῷ.

142 3432 259 3499 οὐκέτι.
284 3432 319 3500 3.
342 3437 398 3500 καὶ
420 3434 556 3514 ἀλόγοις.
580 3432 677 3512 ΧΙΧ,
702 3435 737 3499 5.
760 3439 949 3518 συμμετρία.
972 3436 1059 3499 otto.
1085 3432 1170 3512 XX,
1190 3429 1228 3495 4»

142 3533 326 3613 δεδήλωται.
361 3534 417 3601 Οὐ.
447 3536 546 3615 XXI,
575 3535 609 3598 7.
644 3538 700 3600 καὶ
733 3538 849 3618 ἕτερον.
880 3535 993 3609 ΧΧΙΙ,
1023 3531 1060 3599 6.
1099 3530 1151 3597 ὅτι
1176 3529 1228 3597 ἂν.

141 3636 275 3722 ΧΧΙΙΙ,
296 3638 333 3700 4.
363 3634 406 3718 μὴ
429 3635 507 3701 οἷον.
551 3638 793 3721 Apostrophum
816 3656 899 3723 pone
920 3635 1020 3718 XIII,
1042 3632 1078 3699 8.
1112 3636 1146 3697 in
1175 3634 1230 3697 do·

141 3740 263 3803 κοῦντα
284 3738 374 3803 εἶναι.
399 3733 436 3802 9.
457 3740 491 3801 δὲ
512 3739 653 3817 ἐκλογῆς.
676 3736 769 3821 XIV,
792 3734 826 3800 3.
849 3738 883 3800 δὲ
905 3741 1055 3819 ἱστορεῖν.
1078 3732 1171 3819 XVI,
1193 3730 1230 3799 3.

142 3848 177 3903 ct
198 3839 329 3923 XXIII,
351 3835 385 3902 9.
407 3840 440 3901 δὲ·
462 3834 490 3901 ὁ.
513 3837 594 3901 XXI
605 3856 615 3923 ¹,
637 3836 672 3900 3.
702 3845 807 3902 utitem
839 3856 897 3922 pro
930 3834 979 3901 ὅτι
1007 3840 1084 3921 post
1109 3840 1183 3917 stirp
1209 3850 1231 3899 a

141 3940 278 4024 Polybio
300 3938 383 4003 διότι
405 3938 560 4022 seriptum
583 3939 652 4003 suit.
681 3943 724 4002 V.
746 3940 830 4003 hex.
853 3938 967 4022 Polyb.
988 3956 1051 4022 quo
1072 3936 1158 4001 baec
1178 3934 1231 4001 le-

144 4058 221 4123 ges:
244 4039 465 4125 „Frequentst
477 4039 632 4125 Polybius
646 4035 728 4105 διότι
750 4060 808 4126 pro
831 4039 967 4126 simplici
986 4034 1045 4103 ὅτι.
1068 4032 1230 4101 Ρτοὸτόττ
