2564 4508
561 162 728 226 -aaa
795 132 834 208 -’

161 331 273 415 θαάιρ
310 331 374 397 erit
402 313 624 407 scribendum,
667 329 714 393 uti
740 332 835 412 XLI,
864 325 898 392 2.
934 350 998 395 uon
1032 327 1247 397 λανθάνουσι

159 435 393 509 ἐποκέλλοντες,
421 427 481 495 sed
503 426 913 495 loondoooousedeodum
935 435 969 495 et
989 431 1103 496 ΧΙιΙΙΙ
1114 480 1124 520 ,
1144 429 1183 498 4.
1211 432 1244 498 δ’

159 557 217 623 pro
239 536 272 599 dd
294 538 371 598 ante
392 536 436 606 ele
457 529 660 596 scribendum
683 538 744 597 est.
766 531 900 608 XLIV,
924 528 959 595 2.
979 539 1086 601 autem
1107 534 1144 599 in
1165 552 1247 600 ver-

158 639 234 703 bis:
277 629 349 700 dlt’
383 627 467 711 ὅμως
497 635 541 706 εἰς
570 629 628 708 τὴν
653 634 710 713 μὲν
730 634 939 717 βουληθέντα
959 634 1182 699 καταπλεῦσαι
1205 630 1245 700 οῦ
1273 712 1276 717 Ι

159 736 290 820 ῥᾴδιον·
333 731 411 817 πρὸς
432 729 489 807 τὴν
510 732 562 810 δὲ,
585 729 648 812 κᾷν
669 731 712 812 μὴ
733 731 854 817 βούλῃ,
883 740 972 821 φέρει
992 729 1070 797 κατ’
1094 730 1244 815 ανάγκην

159 837 177 903 ὁ
199 838 290 921 ῥοῦς,
329 835 362 898 in
387 834 463 897 Vat.
483 836 517 896 et
541 831 614 897 Urs.
637 831 676 897 οὐ
698 834 792 899 abest
814 842 848 900 et
868 853 927 919 pro
948 828 1006 910 τὴν
1026 833 1061 896 δὲ
1081 832 1124 899 in·
1137 834 1244 901 omni-

158 942 220 1003 bus
241 936 332 1000 libris
355 939 485 1018 praeter
506 933 589 1017 Reg.
612 932 651 997 B.
675 933 793 1017 legitur
813 933 852 1011 ἣν
872 936 925 1018 δὲ,
948 941 1115 1020 utrumque
1138 942 1245 1017 recte,

159 1038 252 1106 modo
275 1033 313 1113 dir
335 1056 392 1120 pro
415 1036 448 1098 dd
469 1035 640 1099 scribatur.
684 1035 767 1099 Nam
795 1054 879 1100 nunc
909 1035 951 1099 de
979 1034 1049 1099 solo
1077 1036 1245 1121 Byzantio

159 1158 265 1206 sermo
289 1144 352 1219 est,
374 1155 444 1201 oum
466 1134 507 1201 de
529 1136 633 1201 altera
655 1136 733 1200 urbe
746 1133 952 1202 Chalcedone
973 1134 1245 1225 scriptora§.7.

158 1241 246 1326 loqui
267 1238 410 1323 incipiat.
452 1236 743 1302 Demonstraturns
765 1244 872 1302 autem
894 1243 948 1303 est
969 1237 1064 1301 situm
1078 1239 1247 1326 utriusque

158 1342 249 1408 urbis
270 1339 384 1405 eadem
406 1339 564 1422 praebere
585 1336 690 1401 videri
712 1338 888 1426 commoda,
909 1337 1030 1403 aditum
1052 1344 1161 1404 tamen
1177 1340 1246 1427 By·

159 1442 262 1509 acutii
283 1439 458 1505 faciliorem
480 1456 568 1503 esse.
613 1438 666 1502 Ad
690 1457 760 1504 eam
783 1440 869 1504 enim
889 1439 1018 1512 urbem,
1040 1438 1160 1525 inquit,
1181 1460 1245 1507 vo-

156 1545 276 1610 lentem
297 1539 462 1625 appellere
483 1538 579 1603 laclle
601 1544 664 1625 est,
686 1538 841 1624 adquam
863 1558 945 1605 saue
967 1540 1064 1604 etiarn
1080 1540 1244 1607 uolentem

158 1665 273 1711 cursus
302 1658 407 1726 aquae
440 1645 474 1702 te
502 1639 633 1704 referet.
684 1639 778 1704 Unde
807 1641 899 1704 simul
927 1645 1084 1727 apparet,
1114 1642 1242 1709 minime

158 1749 234 1830 pust
255 1738 516 1824 (ladmopleoius
537 1739 827 1824 interpungendum
856 1760 943 1807 esse.
985 1739 1068 1806 lbid.
1097 1739 1135 1806 3.
1160 1739 1242 1807 τοῦ·

157 1866 228 1909 τοο·
251 1848 286 1906 ἐκ
307 1836 525 1916 Καλχηδόνος
546 1837 609 1924 γὰρ
631 1860 673 1906 ue
694 1848 791 1906 muta.
834 1841 888 1907 Ad
909 1861 949 1908 ea
971 1848 1077 1923 autem
1100 1862 1185 1929 quae
1206 1840 1240 1909 4

156 1946 323 2028 leguntur:
345 1942 402 2004 καὶ
423 1942 469 2022 τῴ
492 1941 678 2024 ἔμπροσθεν
699 1938 819 2026 ἀφιᾶσι
840 1938 926 2006 κατὰ
947 1944 1025 2024 ῥοῦν
1046 1941 1239 2029 Schweigh.

157 2048 241 2112 haec
262 2041 454 2125 adscripsit:
477 2039 588 2118 „Editi
610 2059 680 2105 curn
701 2040 783 2110 Bav.
806 2046 890 2127 Aug.
913 2043 995 2128 Reg.
1018 2044 1060 2107 Α.
1074 2042 1117 2107 Β.
1136 2041 1173 2109 Ο.
1194 2026 1242 2109 sic

157 2145 294 2211 habent:
316 2142 372 2205 καὶ
394 2141 439 2222 τῷ
461 2142 648 2223 ἔμπροσθεν
663 2139 783 2227 α’φίασι
795 2141 960 2229 κατάῤῥῳ,
981 2142 1066 2231 quod
1082 2144 1241 2211 Reiskius

156 2247 203 2312 ait
215 2244 299 2309 idern
314 2260 402 2326 esse,
420 2258 460 2305 ac
473 2242 503 2305 si
516 2241 670 2308 dixisset:
691 2240 830 2329 ἀφιᾶσιν
849 2242 983 2320 ἑαυτοὺς
1001 2250 1045 2319 εἰς
1064 2240 1124 2309 τὸν
1139 2240 1240 2331 φορό-

156 2371 253 2428 μενον
265 2351 297 2418 ἐς
309 2339 347 2406 τὸ
369 2338 517 2418 πρόσθεν
537 2340 732 2426 αατάρῥονν,
752 2344 924 2410 demittunt
945 2365 983 2412 se
996 2348 1027 2410 in
1041 2364 1172 2411 cursum
1184 2364 1242 2412 se-

158 2446 293 2512 cundum
315 2441 479 2508 undarum.
524 2443 598 2507 Nou
615 2465 748 2528 prorsas
763 2436 889 2530 quidem
901 2432 1243 2532 incommode,'sed'ct

155 2546 301 2633 impediti
314 2542 434 2628 aliquid
448 2543 706 2609 haberevidetur
720 2545 786 2609 ista
800 2547 961 2630 scriptura
978 2554 1011 2612 et
1024 2554 1140 2613 contra
1150 2566 1243 2613 usum

155 2668 233 2714 esse
256 2642 405 2717 vocaltuli
427 2640 611 2727 νατοὲῥροος
633 2651 668 2709 et
689 2645 816 2710 omnino
847 2648 1079 2713 correctionem
1110 2666 1241 2733 sapere.

157 2748 297 2815 Codices
318 2747 393 2811 Urs.
417 2744 491 2808 Vat.
514 2745 599 2808 Flor-
621 2745 687 2808 sic:
721 2747 785 2809 νῦν
806 2748 992 2830 ἔμπροσθεν
1012 2744 1134 2833 ἁφίασι
1155 2746 1243 2813 κατὰ

156 2851 252 2930 ῥοῦν,
269 2847 405 2931 'absque
429 2845 668 2928 conjunctione:
699 2865 874 2931 quaecum
896 2850 1084 2923 necessarie
1106 2848 1243 2915 deside-

155 2954 299 3034 raretur,
321 2934 478 3032 quumque
501 2945 592 3009 simul
616 2965 659 3010 ex
681 2946 836 3012 mendosa
858 2945 1058 3013 hauddubie
1080 2950 1244 3035 scriptura

156 3051 201 3114 sil
221 3050 303 3132 τῶν,
330 3047 515 3133 lenissima,
542 3053 635 3134 pulo,
662 3047 788 3112 medela
810 3048 919 3126 suerit,
947 3049 977 3112 si
1003 3051 1068 3113 rod
1097 3070 1156 3136 pro
1179 3074 1243 3117 των

155 3147 389 3216 restituendum
412 3148 630 3211 statuerimus
674 3145 733 3212 Sic
749 3149 794 3231 τῴ
809 3146 838 3212 δ’
856 3150 1040 3233 ἔμπροσθεν
1062 3149 1149 3217 idem
1170 3150 1244 3217 Ιιισ·

155 3251 198 3317 rit
219 3269 258 3315 ac
279 3242 313 3313 lo
334 3248 368 3311 al
396 3248 441 3330 τῴ
471 3248 674 3334 ἔμπροσθεν,
717 3269 813 3334 porro
840 3269 938 3328 vero,
981 3250 1014 3314 iu
1045 3270 1086 3317 ea
1113 3252 1244 3317 itineris

155 3363 266 3436 parte,
294 3369 377 3436 qliae
399 3347 599 3413 conficienda
620 3358 782 3433 superest.
830 3349 1059 3433 cogitaveram
1080 3354 1181 3419 etiarn
1203 3348 1244 3419 τὸ

155 3453 186 3517 δ’
211 3451 418 3538 ἔμπροσθεν,
463 3449 524 3515 sed
552 3450 762 3534 acquiescere
792 3451 824 3514 in
846 3452 891 3532 τῴ
914 3470 1097 3536 possumus.
1120 3456 1244 3537 ἔμπρο-

93 3566 96 3571 ’
155 3555 241 3619 σθεν
268 3559 321 3617 est
350 3571 489 3637 porro,
532 3551 571 3614 in
606 3551 862 3615 anteriorem
899 3552 967 3617 uel
1006 3552 1243 3621 ulteriorem

155 3659 324 3738 partem.
367 3653 427 3717 sto
447 3656 491 3727 εἰς
510 3649 740 3733 τοῦμπροσθεν
759 3653 959 3740 προβαινιιν,
988 3671 1109 3738 porro
1138 3674 1244 3741 pro-

154 3752 285 3838 gredi.
306 3750 374 3829 ΙΙΙ,
397 3747 470 3825 79,
493 3747 528 3818 6.
551 3747 620 3828 82,
644 3745 679 3815 9.
704 3746 772 3827 64,
799 3749 830 3813 1.
873 3751 927 3816 Ad
948 3750 1068 3840 ἀφιᾶσι
1089 3774 1154 3821 uon
1176 3762 1245 3823 mn

154 3850 289 3928 ἑαυτοὺς
311 3870 405 3937 quam
426 3847 484 3925 τὰς
509 3852 588 3929 ναῦς
616 3850 712 3914 suerit
742 3850 1006 3936 intelligendum,
1051 3872 1244 3942 quamquam

156 3971 266 4037 parum
287 3954 434 4023 interest.
456 3948 636 4031 narcidono
657 3950 838 4033 secundo
861 3953 1044 4043 flumine,
1065 3954 1245 4023 secundum

156 4055 221 4122 vim
241 4054 379 4123 numinis
399 4051 467 4139 ΙΙΙ,
488 4049 559 4141 66,
580 4050 615 4119 8.
643 4059 678 4119 ct
704 4053 798 4121 alias.
842 4054 953 4125 Habet
983 4055 1068 4123 hanc
1096 4058 1245 4145 scriptu·
