2580 4514
478 107 749 172 ..m-

40 266 200 357 'mavult
233 269 304 338 Sed
328 275 418 338 reete
437 271 641 340 Sohueferus
661 274 721 339 hos
745 259 950 356 oonjeelnres
968 276 1154 362 improbans
1220 277 1221 282 ’

58 371 271 438 scribendum
285 392 362 438 esse
377 372 470 437 dieitz
491 370 652 455 λεγόντοιν
667 370 718 438 ὅτι
732 363 860 460 „Oneon
870 367 900 436 κ.
909 398 938 439 τ.
959 378 983 440 λ.
999 375 1155 457 αναστρέ,
1175 457 1180 461 ,

60 474 204 558 priato
219 471 465 538 Schoemunuus
480 475 513 537 in
528 473 663 565 ortioulp
685 469 723 552 ὁ,’
736 493 800 538 οοο
822 475 856 538 iu
872 470 922 538 ὅτι
936 476 1159 542 νίιοσ-ᾱοοίοο

23 589 28 594 ·
61 572 244 637 offendisse
260 574 423 656 opinamur,
436 572 520 638 huno
532 574 700 658 explicans
714 573 877 657 vulgatam
893 576 991 640 etiam
1006 575 1157 642 defendit
1273 586 1277 591 ’

61 671 274 738 CXXXIV.
296 671 386 737 821.
402 693 433 738 a.
455 673 593 759 deniqne
610 673 643 739 in
659 674 787 738 verbisz
809 672 851 739 rol
864 676 898 738 δὲ
910 672 1088 758 πράγματα
1101 700 1172 743 roo-2
1267 730 1273 742 .

61 773 145 836 θεῖν
166 769 266 836 αὑτὸν
287 775 344 836 καὶ
365 776 565 856 παρακαλεῖν
584 779 659 851 ἐκεῖ,
681 779 716 838 ἐν
736 776 936 858 ταραχῇκαλ
950 778 1158 859 διασπασμοῦ
1198 814 1201 825 1
1228 841 1231 845 ,

61 873 122 948 τῆς
157 870 409 949 Πελοποννήσου
447 880 615 955 γενομένης
649 896 679 936 κ.
707 898 735 938 τ.
763 877 789 938 λ.
824 876 925 958 vulgo
959 896 1016 960 pro
1055 874 1157 942 αὐτὸν
1284 895 1285 903 ’

64 972 190 1036 nolent
211 968 313 1036 αὑτὸν
334 979 369 1037 et
391 992 448 1057 pro
475 979 545 1038 tuot
571 973 655 1059 quod
685 975 813 1039 Coroes
842 976 1014 1060 e-Bryoni
1041 968 1156 1060 'conje-

66 1076 163 1136 cturo
184 1069 275 1137 dedit
297 1079 331 1137 et
344 1074 415 1138 Sol.
437 1074 471 1138 in
492 1081 595 1138 ἐκεῖσε
616 1076 731 1147 mutari
748 1075 860 1161 voluit,
871 1082 1003 1140 ἐκεῖνον.
1028 1076 1157 1144 Sohue-
1196 1056 1203 1083 “

64 1191 203 1238 ιοοοοοε
224 1178 352 1237 nutem:
394 1175 616 1260 „Alterutrum
649 1193 710 1258 ego
722 1183 755 1248 ‚⁶⁶
777 1177 895 1261 inquit,
926 1180 1158 1264 „recepissem

64 1273 130 1337 nisi
151 1272 297 1337 viderem
318 1274 415 1338 etiarn
436 1274 533 1338 oliam
554 1293 632 1340 esse
654 1275 912 1341 emendationem
941 1277 1025 1342 houd
1053 1280 1158 1344 minus

64 1373 282 1458 probabilem:
320 1371 364 1439 τιὶ
384 1376 418 1439 δὲ
440 1373 618 1458 πράγματα
638 1375 759 1439 ποθεῖν
782 1373 869 1438 αὐτὰ
890 1382 926 1440 et
955 1381 1172 1462 παρακαλεῖν,
1220 1364 1236 1440 ’τ

63 1479 210 1536 λκεῖνονε
252 1474 356 1556 ipsam
382 1473 729 1540 rerumeouditlonem
756 1476 922 1559 requirere
949 1477 1036 1541 illum
1069 1477 1156 1544 etcfc.

65 1573 116 1636 nt
138 1571 286 1658 equidem
309 1581 342 1638 et
360 1572 462 1640 αὐτὸν
476 1582 510 1641 et
523 1583 643 1640 ἐκεῖνον
661 1575 707 1638 ito
717 1574 929 1662 defenderim,
950 1581 985 1640 ut
1000 1574 1101 1642 αὑτὸν
1114 1579 1157 1645 od

65 1672 275 1739 Gleomenem
297 1681 332 1739 et
353 1681 476 1740 ἐκεῖνον
497 1675 538 1741 ud
565 1674 782 1740 l’tulemoenm
812 1676 991 1756 reiorum·,*
1019 1682 1054 1743 ut
1075 1688 1157 1745 son·
1214 1699 1220 1706 ·

65 1773 173 1838 tentio
201 1775 268 1838 sits
310 1794 366 1839 res
392 1776 498 1860 ipsum
525 1774 654 1860 quidem
676 1774 884 1843 Cleomenem
911 1776 1158 1847 desiderarem
1207 1775 1208 1778 '

63 1873 154 1938 illum
175 1870 441 1965 (Ptolemaeum)
463 1876 625 1962 exultare,
649 1880 684 1938 ut
706 1893 765 1940 eos
785 1881 896 1968 euret3
918 1883 1032 1942 <tomen
1054 1881 1158 1946 voluit

63 1975 158 2040 solus
179 1994 249 2040 oum
270 1976 383 2040 amieis
405 1977 497 2040 mitti.
1119 2024 1143 2066 ·.

150 2075 189 2139 ln
210 2076 281 2139 vito
303 2076 464 2140 Tiberii
483 2075 663 2140 Graecini
686 2093 713 2138 e.
730 2074 789 2138 lll.
806 2072 898 2140 825.
918 2095 946 2141 o.
969 2078 1004 2142 in
1025 2081 1155 2146 verbine

44 2173 285 2256 ’ἀνδραγαθιοι
306 2172 376 2264 (ito
399 2175 533 2240 Vuloob.
556 2175 646 2259 prob.
669 2173 741 2242 Sol.
763 2181 799 2240 et
814 2175 989 2259 Sohueler.
1002 2199 1060 2263 pro
1070 2181 1157 2264 vulg.

62 2273 306 2357 ἀνδραγαθιαι,
328 2275 412 2361 quod
435 2276 536 2340 Hess.
556 2277 590 2339 in
606 2276 672 2338 vit
688 2275 803 2339 Timol.
828 2297 858 2359 p.
875 2275 963 2339 llll.
978 2275 1108 2368 tuetur)
1123 2282 1157 2346 el

65 2372 146 2459 πρὸς
167 2372 242 2450 τοὺς
262 2379 433 2456 πολεμίους
452 2381 509 2440 καὶ
530 2373 609 2460 πρὸς
622 2372 699 2450 τοὺς
719 2372 880 2452 ὑπηκόους
893 2374 1082 2459 δικαιοσύνη
1097 2382 1155 2445 καὶ
1243 2414 1247 2423 ·

64 2474 146 2559 πρὸς
160 2471 219 2549 τὰς
229 2473 336 2561 ἆρχας
350 2479 510 2555 ἐπιμέλεια
524 2479 580 2541 καὶ
595 2475 674 2559 πρὸς
686 2473 745 2552 τὰς
754 2474 873 2553 ἡδονὰς
884 2471 1056 2560 ἐγκράτεια
1069 2475 1156 2542 νἰπα·

64 2574 256 2659 ράλλακτος,
277 2577 387 2641 hiatus
409 2583 464 2641 est
485 2577 648 2653 ferendus,
670 2577 744 2661 qrnio
765 2573 1017 2659 ἀπαράλλακτος
1036 2577 1081 2641 od
1096 2594 1155 2644 ee·

64 2683 159 2741 teras
177 2677 277 2752 elium
301 2677 452 2756 virtutes,
474 2696 537 2742 uon
560 2677 670 2741 sulum
683 2677 723 2742 od
746 2673 917 2757 ἐγκράτεια
938 2676 1087 2763 refertur,
1109 2679 1157 2745 itu

66 2783 103 2841 ot
118 2781 196 2861 pont
211 2773 383 2862 tyrocinum
400 2796 508 2862 pensu
522 2775 680 2862 quaedam
694 2777 749 2840 sit.
793 2775 973 2842 (lolloootio
986 2779 1156 2844 verborum

65 2884 242 2942 eutemest
256 2876 410 2942 mutanda
424 2897 452 2942 e.
464 2880 554 2942 Vlll.
566 2874 657 2940 827.
674 2877 704 2955 i,
726 2877 777 2942 ubi
801 2895 886 2942 nuno
908 2876 1157 2961 luooeoelegun·

66 2984 140 3042 turs
179 2976 291 3042 Ἄλλοι
325 2977 360 3040 δὲ
380 2974 531 3064 Σπόριόν
551 3000 625 3041 τινα
646 2973 859 3058 Ποστούμιον
880 2979 1029 3057 λέγουσιν
1049 2983 1157 3043 αἴτιον

64 3078 226 3159 γενέσθαι
247 3074 417 3155 ἡλικιώτην
437 3079 497 3142 τοῦ
525 3077 677 3163 Τιβερῖου
698 3079 755 3140 καὶ
769 3075 864 3162 πρὸς
890 3073 990 3154 δόξαν
1020 3073 1157 3163 ἐφάμιλ-

65 3179 126 3242 λον
146 3174 237 3259 untur
259 3180 335 3260 περὶ.
349 3175 409 3252 τὰς
429 3182 633 3262 συνηγορίας.
678 3176 741 3241 Ηίο
762 3177 847 3241 enim
871 3175 953 3242 col.-
967 3175 1071 3263 Seng.
1094 3178 1158 3247 ha·

65 3277 124 3342 net
154 3283 239 3360 pont⁴
259 3301 334 3341 τινα
355 3275 568 3359 Ποστούμιον
597 3278 756 3360 γενέσθαι
778 3279 927 3359 λέγουσιν
947 3274 1060 3356 ἦλα..
1073 3304 1102 3343 τ.
1126 3281 1154 3346 λ.

66 3377 189 3447 omisso
218 3383 436 3463 αἴτιοι,.ηοο
457 3378 731 3446 1οοίΙεοοιοοιοο.
776 3377 1044 3444 Sententiueet:
1075 3378 1158 3443 Alii
1264 3402 1267 3407 ¹

66 3476 219 3564 dieunt,
239 3477 487 3543 Postumium
509 3478 642 3557 luisse
662 3479 878 3563 nequ'ulem·
895 3479 1158 3565 etnemulum,

67 3564 291 3662 quemonm
311 3573 447 3660 ‘glorio
479 3584 521 3643 et
550 3578 698 3662 opibus
727 3579 957 3643 florentem:
979 3578 1152 3644 videret

68 3677 289 3742 exeitotus
320 3683 390 3742 est·
412 3679 501 3762 ipse
528 3675 576 3742 nd
609 3696 680 3742 res
716 3678 976 3761 insigniores
1002 3695 1158 3761 gere-n-

67 3777 154 3844 dns.
203 3775 416 3859 Ποστούμιον
447 3784 554 3843 entem
580 3779 648 3860 jorn
677 3781 804 3844 Coraes
835 3776 1157 3842 dedit--oseentiente

68 3877 141 3944 eorl.
162 3876 265 3962 Sung.
289 3897 347 3964 pro
369 3872 522 3964 vulgato:
540 3877 794 3960 ,Ποοστούμιον
841 3874 915 3941 Viol-
933 3875 1039 3940 libell·
1054 3890 1159 3942 meum

66 3978 109 4044 de
136 3977 303 4044 Plutarch.
330 3978 442 4063 script.
482 3999 513 4064 p.
544 3977 579 4043 7.
625 3981 664 4043 C.
696 3983 755 4043 Xl.
787 3971 878 4042 829.
903 3993 931 4040 o.
964 3974 998 4038 in
1030 3972 1161 4040 verbis:
