2580 4514
499 99 774 219 -..-

88 321 244 408 IongIore
273 321 386 406 fragm.
414 320 574 387 XXXIII.
602 316 670 413 (ex
700 322 822 388 Athea.
839 321 926 399 XII,
949 320 1040 390 531.
1060 317 1114 412 ο.)
1141 341 1188 392 no

87 416 271 508 'vestigium
298 421 428 509 quidem
452 422 561 488 hiatus
588 422 751 509 reperitur
773 441 877 510 neque
904 425 938 490 in
965 423 1006 490 fr.
1027 421 1186 491 XXXIX.

91 545 137 592 ex
167 524 289 591 Auen
318 522 374 587 vr.
400 504 485 589 een.
550 520 623 589 sea
649 525 681 589 n
710 523 820 608 roaga.
848 524 937 590 xor.
964 520 1116 615 (Auen.
1143 524 1186 612 x,

92 621 190 690 443.
211 641 243 688 a.
267 625 296 688 b.
318 617 371 713 e.)
392 623 528 709 primum
550 643 608 709 pro
629 629 757 689 πίνουσι
779 643 881 710 sequ.
894 625 1014 707 ἄγονοι
1035 624 1187 691 scriben-

93 726 170 790 dum
190 724 257 789 erit
276 726 425 788 πίνουσιν
447 729 482 788 et
502 743 562 808 pro
583 727 618 789 δὲ
638 721 758 810 ἡμέραν
779 723 811 789 δ’
836 722 941 810 hosp,
984 725 1048 790 nisi
1076 725 1187 791 Atha-

92 843 201 890 naeus
222 824 316 910 ipse,
337 823 391 908 qui
413 823 539 890 omnibo
561 825 603 890 ad
625 825 745 891 hintum
766 846 830 893 non
852 825 1018 905 adtendit,
1039 827 1073 891 in
1093 828 1187 918 ejus·
1256 853 1262 874 ι

92 923 181 990 modi
207 923 291 989 locis
317 925 478 1009 peccavit.
522 922 643 1005 Quaeri
673 927 772 992 etiam
796 926 920 1012 poterit
948 933 1053 991 utrum
1073 926 1187 992 Tbeo-

95 1043 235 1109 pompus
256 1027 312 1089 rai
334 1021 469 1103 εἰδότες,
499 1045 541 1090 an
562 1026 665 1099 solum
686 1023 819 1105 εἰδότες,
850 1026 935 1113 quod
956 1031 1048 1092 recte
1070 1027 1185 1112 potuit,

95 1123 293 1209 scripserit,
335 1123 397 1190 hoc
427 1125 512 1190 enim
539 1127 740 1212 participium
756 1147 837 1204 (non
865 1140 938 1194 cum
964 1125 1069 1193 altero
1090 1128 1187 1192 note-

93 1225 232 1306 μοῡντες
252 1229 307 1290 est
323 1225 596 1309 oonjungendum.
639 1226 751 1293 Verba
772 1232 881 1292 autem
908 1225 985 1293 ibid.
1014 1232 1189 1309 γενομένου

95 1325 132 1390 δὲ
152 1321 290 1404 τούτου,
319 1328 353 1389 οἱ
373 1322 670 1405 μὲν-ἀπώλοντο,
701 1331 733 1392 οἱ
753 1328 866 1392 δὲκαὶ
887 1330 932 1402 εἰς
952 1349 980 1390 τ.
1000 1346 1033 1390 rr.
1051 1349 1083 1391 κ.
1104 1349 1135 1392 ο.
1157 1328 1185 1391 λ.

96 1422 252 1491 videntur
272 1423 437 1491 Athenaei
459 1444 556 1509 esse,
579 1425 632 1511 qui
653 1427 837 1512 contraxit,
851 1444 936 1513 quae
957 1427 1187 1513 Theopompus

95 1521 242 1609 pluribus
263 1532 485 1596 enarraverat.
527 1524 869 1612 Schweighaeuserus
889 1532 1001 1593 mmen
1018 1534 1095 1613 post
1112 1523 1187 1591 τού-

95 1647 156 1692 του
178 1625 315 1691 lacunae
336 1626 462 1710 signum
484 1627 592 1711 posuit
611 1625 646 1691 in
667 1626 843 1694 Animadv.
865 1626 908 1693 ad
930 1628 1052 1693 Athen.
1083 1627 1106 1691 Ι.
1122 1626 1189 1695 ¹di-

97 1743 197 1791 cens:
220 1723 305 1791 haud
326 1716 424 1802 dubie
443 1733 638 1793 narraverat
659 1718 900 1814 Theopompus,
920 1728 1094 1808 „simulata
1112 1726 1189 1812 fuga

99 1831 213 1893 costra
234 1844 294 1891 sua
316 1825 506 1893 deseruisse
528 1824 667 1892 Galios“
687 1833 744 1894 aut
765 1827 886 1913 aliquid
908 1827 941 1894 in
963 1834 1188 1896 eamseuten-

98 1926 178 1991 fiam
198 1931 234 1990 et
253 1933 433 2012 „occupata
453 1947 529 1994 mox
549 1947 591 1994 ea
612 1927 713 1995 tuisse
735 1929 776 1995 ab
796 1926 951 2014 illyriis.“
1002 1926 1049 1995 Et
1070 1935 1190 2014 potne-

98 2034 153 2092 rat
166 2026 296 2111 quidem
317 2027 383 2092 ista
404 2027 476 2112 ipse
498 2029 691 2094 Athenaeus
713 2028 862 2095 consulto
884 2029 1045 2107 omittere,
1067 2036 1102 2094 ut
1123 2048 1189 2096 nou

98 2127 232 2194 multum
253 2127 295 2193 ari
318 2146 472 2193 summan
494 2128 542 2194 rei
563 2128 715 2194 facientia
737 2135 772 2195 et
793 2146 853 2214 per
875 2147 913 2194 se
940 2129 1037 2195 facile
1064 2129 1189 2195 intelli·

97 2226 225 2311 genda:
268 2227 330 2294 sed
356 2227 507 2314 quoniam
535 2247 619 2314 quae
640 2229 693 2295 hic
712 2227 801 2314 apud
822 2229 1064 2315 Theopompum
1092 2230 1189 2314 lege-

98 2329 230 2415 bantur,
249 2328 293 2394 ab
313 2328 367 2394 his
387 2329 519 2395 verbis:
541 2333 574 2393 ot
593 2330 651 2409 μὲν
663 2327 789 2394 Κελτοὶ
811 2329 965 2396 videntur
986 2329 1110 2398 initium
1130 2349 1190 2396 ce·

99 2431 205 2518 pisse,
227 2427 324 2495 facile
346 2429 442 2495 etiam
464 2428 613 2495 librarius
633 2449 655 2496 a
675 2430 789 2511 verbis
810 2434 842 2494 οἱ
862 2431 920 2512 μὲν
936 2426 1062 2494 Κελτοὶ
1083 2429 1126 2494 od
1149 2449 1190 2496 ea

99 2548 186 2616 quae
208 2529 303 2614 paolo
324 2529 460 2595 iuferius
481 2531 702 2617 sequebantur
722 2535 755 2596 ot
775 2532 832 2609 μὲν
853 2526 962 2596 αὐτῶν
975 2529 1190 2615 potuitaber-

99 2649 185 2696 raae.
221 2629 267 2700 ,Iu
288 2630 402 2714 fragm.
418 2628 513 2722 IAV.
543 2649 587 2697 ex
606 2631 739 2696 Athen.
770 2629 854 2718 XII,
881 2627 972 2695 527.
1003 2629 1109 2694 nulius
1136 2634 1191 2694 est

98 2731 211 2798 hiatus
231 2731 373 2816 itemque
394 2730 428 2795 in
448 2731 562 2815 fragm.
575 2729 684 2797 LVII.
706 2749 751 2798 ex
772 2731 893 2796 Athen.
915 2728 976 2816 IV,
1001 2726 1090 2793 157.
1111 2727 1190 2796 d.e.

100 2829 173 2898 Sed
196 2831 229 2894 in
252 2831 366 2915 fragm.
388 2830 492 2896 LXV.
524 2849 567 2896 ex
587 2831 711 2897 Athen.
733 2829 817 2910 XII,
840 2827 930 2896 526.
959 2829 990 2897 d.
1011 2847 1042 2897 e.
1065 2829 1087 2896 1.
1119 2830 1192 2917 pri·

98 2952 186 2998 mum
207 2931 242 2995 δὲ
263 2936 370 2997 otest
398 2930 624 3016 corrigendum
635 2976 647 3017 ,
691 2930 810 2998 deiude
842 2951 899 3017 pro
932 2931 1115 3012 εἰθισμένοι
1141 2932 1192 2996 tort

100 3033 168 3096 τῶν
188 3033 354 3108 connitor
375 3032 603 3117 Theopompus
625 3037 682 3116 aut
702 3033 753 3098 ἐπὶ
774 3034 838 3097 τῶν
858 3052 936 3097 ron.
958 3032 1027 3096 azo.
1058 3032 1193 3117 scripsit

100 3136 160 3196 aut
181 3130 267 3196 aiiud
289 3131 374 3217 quid.
418 3131 457 3199 Iu
478 3133 591 3216 fragm.
613 3131 788 3199 LXXXII.
811 3151 853 3198 ex
874 3131 1035 3199 Priscian.
1060 3130 1192 3219 XVIII,

104 3227 225 3297 1198.
248 3251 311 3298 oon
333 3240 386 3299 est
408 3233 516 3300 hiatus
537 3233 699 3320 usquein
720 3232 833 3317 fragm
846 3227 950 3300 XCII
972 3250 1015 3298 ex
1035 3232 1136 3317 schol.
1158 3233 1192 3300 iu

100 3334 210 3408 Arist.
233 3330 289 3398 Or.
312 3333 347 3398 in
368 3332 447 3399 Cim
470 3333 535 3401 οἱοὶ
556 3331 641 3419 quod
661 3333 706 3399 ibi
726 3335 811 3400 maie
831 3339 923 3399 πέντε
943 3333 1023 3398 ἑτῶν
1037 3331 1188 3420 prontot'

100 3442 149 3502 tr.
173 3433 298 3517 tegitur.
326 3433 428 3500 Plura
448 3426 530 3501 vitia
550 3440 661 3501 minen
681 3434 793 3502 insunt
813 3435 847 3500 in
868 3434 982 3517 fragm.
1004 3432 1126 3499 XCIV.
1149 3452 1193 3500 ex

103 3531 514 3622 Arnen..x11,53aa
559 3534 675 3600 Habes
703 3533 747 3599 ibi
772 3535 834 3599 hos
863 3533 996 3599 htatnsr
1023 3529 1145 3614 Κίμων
1175 3530 1194 3598 ὁ

97 3631 474 3720 Ἀθηναῖος-φύλακοι,
495 3629 590 3712 ὅπως,
613 3651 698 3720 quae
718 3632 847 3718 quidem
870 3631 1022 3700 excusari
1043 3637 1194 3718 possunt,

102 3733 167 3804 sed
186 3735 221 3800 in
243 3733 399 3820 discipulo
421 3731 600 3813 Isocratis,
623 3733 677 3820 qui
698 3732 811 3799 sedulo
832 3733 977 3818 vestigia
996 3738 1194 3818 praecepto-

101 3837 154 3904 rIs
173 3835 237 3901 bac
257 3835 290 3900 in
311 3855 347 3900 re
367 3841 503 3901 secutus
531 3851 609 3902 esse
636 3832 777 3912 dicitur,
821 3831 1011 3919 offendunt,
1052 3833 1195 3899 tortasse

103 3937 337 4021 Theopompus
358 3935 462 4001 sotum
480 3932 660 4012 Ἀθηναῖος
688 3933 761 3999 siue
784 3933 920 4000 articulo
948 3937 982 4001 et
1009 3930 1142 4008 οὐδένας
1156 3969 1190 3987 -

102 4035 258 4128 φύλοπις
279 4035 421 4122 scripsit.
465 4032 576 4122 Magis
596 4034 695 4105 eoam
716 4033 836 4107 demde
857 4031 909 4103 ἀεὶ
937 4029 1057 4110 εὐτελὲς
1085 4036 1193 4103 otien-
