2564 4508
561 130 967 215 -τ378-.

157 294 218 363 cdx
244 301 375 383 ἔφασαν
402 289 560 380 ἀξιόχρεῳ
592 293 676 361 εἶναι
704 294 784 382 πρὸς
810 256 1007 376 antibarim
1041 300 1241 391 συμβούλιον,

155 396 313 463 Reiskius
335 416 354 462 e
377 394 448 460 cod.
465 394 567 480 Sang.
591 399 748 481 probante
774 396 892 464 Decet.
916 397 1056 466 dederat
1076 397 1235 485 ἀξιόχρεα.

152 497 236 585 quud
248 495 447 564 Schaeierus
459 496 596 561 mutavit
610 496 643 561 in
658 493 827 584 ἀξιόχρεῳ,
845 516 916 563 cum
929 500 1028 584 vuigc
1046 508 1139 567 recte
1151 498 1234 591 ἀξιό-

79 596 84 607 ”
149 622 251 684 χρεως
263 600 441 685 legeretur.
484 597 569 661 Nam
586 597 618 661 in
632 597 715 662 hunc
732 600 979 684 qucqneiccum
997 600 1029 665 id
1046 600 1133 687 quad
1144 620 1236 688 supra
1256 614 1259 619 '

151 721 183 785 p·
204 697 296 763 208.
319 697 361 763 de
383 718 442 761 usu
464 696 558 779 hujus
580 699 770 763 nominativi
792 699 980 786 disputavi,
1001 701 1125 767 cadere
1147 702 1235 769 vide-

152 807 214 864 tur.
257 795 297 863 Si
319 816 347 863 c
368 797 442 861 XV.
466 794 557 861 831.
579 815 609 863 e.
630 798 662 862 in
685 799 727 861 iis
749 817 833 885 quac
854 818 874 863 e
897 799 1018 865 'liberii
1049 803 1236 869 crationes

151 899 325 964 Plutarcho
347 900 542 979 afferuntur,
565 897 647 961 haec
668 897 835 981 leguntur:
878 895 948 977 ἣτις
967 896 1011 964 ἂν
1030 897 1165 988 ἁμάρτῃ
1182 900 1235 969 cri·

151 1002 232 1075 τῶν,
255 998 343 1076 ζῶσα
362 994 618 1079 κατορύττεται·
667 995 706 1061 τὸ
728 995 792 1084 γὰρ
813 996 937 1063 ἄσυλον
958 996 998 1063 od
1018 999 1236 1087 φυλάττουσιν

151 1098 329 1183 ἀσεβοῦσαι
350 1101 395 1173 εἰς
415 1094 492 1173 τοὺς
512 1093 630 1175 θεοὺς,
652 1098 757 1162 miuus
779 1098 811 1162 iu
833 1097 991 1163 hiatibus:
1021 1098 1157 1187 ἁμάρτῃ
1180 1100 1236 1169 αὖ·

150 1203 215 1264 τῶν
236 1206 272 1266 et
290 1195 469 1282 ἀσεβοῦσαι
490 1202 534 1274 εἰς
555 1216 597 1264 ea
617 1198 690 1283 ipsa
712 1198 754 1264 de
775 1217 876 1263 causa
897 1199 1035 1283 offendo,
1057 1203 1135 1287 quin
1151 1202 1237 1269 Pint-

150 1301 270 1366 archus
291 1298 326 1364 in
347 1299 388 1363 iis
410 1299 510 1365 latina
532 1298 655 1363 Tiberii
677 1299 780 1364 verba
801 1305 856 1362 est
878 1305 1023 1365 secutus.
1067 1300 1136 1368 Pru
1157 1300 1237 1381 ἥτις

150 1399 326 1467 cibantem
354 1397 438 1485 quud
467 1399 593 1464 Comes
622 1417 686 1463 nnn
714 1398 800 1463 maie
830 1398 873 1465 de
901 1400 1102 1481 suodedit,
1144 1404 1237 1489 vnigc
1275 1440 1280 1467 'r

150 1509 184 1568 ei
212 1526 261 1577 τις
287 1498 329 1566 ἄν
358 1498 522 1565 exhibent.
585 1499 623 1563 G.
649 1498 726 1562 XX.
757 1494 850 1562 834.
881 1499 911 1565 b.
939 1500 972 1565 iu
1000 1501 1116 1567 verbis
1147 1502 1238 1569 Bion-

151 1603 192 1668 sii
224 1597 330 1683 ,,Ἀλλ’
360 1603 484 1664 ἐκείνου
509 1622 546 1680 νε
573 1596 856 1683 προστάσσοντοςίί
884 1603 956 1685 cipp
976 1602 1116 1688 „auium
1141 1600 1237 1685 ιιιὶμοὶ

45 1750 48 1755 -
148 1704 247 1767 τοῦτο
268 1698 387 1785 πρᾶξαι
408 1698 492 1778 εἶχεν
514 1700 623 1765 hiatus
650 1704 766 1785 posset
793 1697 924 1784 quidem
953 1702 1132 1782 excusari,
1171 1722 1237 1769 curn

149 1808 259 1867 tamen
280 1797 352 1864 cod.
375 1796 479 1882 Sang.
500 1800 603 1865 verba
624 1801 671 1864 ita
692 1799 846 1887 collocet,
872 1805 909 1864 nt
928 1802 1037 1877 καλῶς
1058 1808 1137 1887 pust
1156 1804 1237 1889 ιερῶ-

150 1899 204 1979 ξαι
232 1906 404 1985 sequatur‚
432 1899 468 1964 id
496 1900 559 1964 erit
587 1899 847 1984 praeferendum.
913 1898 979 1965 Pru
1012 1904 1100 1979 ἔχειν
1132 1909 1236 1969 autem

149 1998 233 2087 quod
255 1999 349 2064 codd.
373 2004 520 2078 tuentur,
562 1999 687 2064 hene'e
710 2000 793 2081 conj.
816 1999 936 2085 Steph.
963 2006 1000 2066 et
1021 2002 1132 2069 Ancn.
1157 2004 1237 2083 «tna

149 2108 203 2168 est
230 2099 360 2165 editum.
404 2096 565 2182 Stephan.
592 2098 731 2180 conjecit
759 2099 857 2163 etiam
878 2101 966 2189 ἔχοις
995 2120 1070 2167 nam
1097 2105 1129 2169 si
1157 2108 1237 2185 ἔχειν

149 2197 516 2283 εοινοιεῐοι,,1ὶοίεὶείο
538 2204 713 2271 monente,
734 2198 827 2262 δοκεῖ
844 2204 938 2263 esset
958 2199 1158 2271 addendum.

233 2299 272 2363 ln
299 2298 371 2364 vita
400 2299 492 2382 Caji
519 2297 703 2365 Gracchi
734 2317 761 2363 c.
790 2298 816 2361 1.
844 2297 937 2363 835.
969 2300 999 2365 b.
1035 2302 1070 2367 in
1108 2304 1235 2373 verbim

148 2395 378 2482 Σοντννχοὶνει
400 2396 434 2464 δ’
459 2396 524 2464 ἀπὸ
547 2396 757 2479 ταύτομάτου
782 2401 895 2477 λαχεῖν
925 2396 1016 2483 αὐτῷ
1043 2406 1090 2479 air,-
1110 2402 1236 2491 Σαρδὼ

147 2507 269 2585 ταμίαν
286 2497 416 2582 Ὀρέστῃ
435 2501 481 2582 τῴ
504 2496 634 2579 ὑπάτῳ·
657 2494 780 2562 Hasiris
803 2499 887 2565 hene
908 2498 1104 2587 adscripsit:
1123 2504 1237 2593 „Lege

148 2600 271 2680 αὐτὸν,
306 2618 422 2684 nempe
445 2596 482 2664 0.
505 2597 728 2665 Gracchum.“
770 2597 971 2665 Schaeierus
999 2600 1131 2687 quidem
1161 2604 1238 2671 dicit

147 2704 293 2769 dativum
314 2706 350 2765 ut
371 2698 568 2786 pendentem
590 2717 610 2762 a
632 2699 734 2762 verbo
755 2696 970 2781 συντυγχάνει
991 2720 1056 2767 nun
1077 2702 1236 2791 displice-

146 2822 194 2868 re.
239 2802 372 2866 Attum
395 2818 453 2884 pru
475 2801 597 2878 ταμίαν
617 2803 754 2877 ταμιείαν
770 2801 1047 2886 exspectaverim,
1069 2806 1238 2885 ιιι-λαχεῖν

147 2902 308 2986 abjectum
330 2901 483 2987 haheret3
526 2897 611 2983 quud
634 2902 740 2963 tamen
763 2901 794 2963 si
816 2899 999 2983 legeretur,
1031 2898 1169 2988 Ὀρέστῃ
1186 2904 1235 2971 cf-

43 3002 49 3011 ’
146 3001 306 3068 tenderet.
358 3000 479 3063 Verum
505 2998 603 3081 igitur
634 3003 687 3062 est
714 2995 824 3064 αὐτὸν.
866 3000 957 3066 Vuic.
984 3000 1084 3067 habet
1112 3002 1234 3086 τυγχά-

146 3126 200 3167 νει.
247 3103 284 3165 Ο.
307 3100 349 3164 Χ.
372 3097 464 3165 839.
486 3115 513 3162 c.
538 3098 570 3161 iu
593 3096 725 3163 verbist
755 3094 868 3183 ἥψατο
895 3101 930 3165 δὲ
958 3102 1016 3165 καὶ
1045 3102 1106 3165 τοῦ
1131 3104 1236 3171 Γαῖον

145 3197 283 3265 ὑπόνοια
304 3199 463 3265 Reiskius
484 3217 504 3263 e
525 3199 711 3280 conjectura
732 3198 825 3263 dedit
844 3195 865 3277 ἡ
886 3196 995 3282 dada,
1018 3220 1082 3286 qun
1102 3206 1236 3271 ιιηίιιΙο

146 3318 208 3365 ncs
240 3298 333 3364 facile
368 3316 482 3363 carere
514 3298 652 3364 affirmat
679 3296 889 3365 Schaeierus.
957 3301 1004 3365 At
1037 3302 1139 3369 veiim
1170 3310 1235 3371 tum

144 3396 257 3485 ἥψατο
278 3398 314 3462 dd
334 3400 393 3462 τοῦ
414 3399 518 3462 Γαῖον
538 3401 594 3463 καὶ
616 3396 752 3464 ὑπόνοια
772 3400 952 3488 scribatur,
978 3407 1016 3466 ut
1035 3403 1100 3467 sit:
1127 3406 1236 3477 toti·

145 3501 207 3585 git
229 3504 363 3564 autem
387 3499 523 3581 Cajum
544 3518 704 3584 qnoque
725 3495 812 3590 (nun
835 3500 939 3565 sulum
960 3498 1136 3595 Fulvium]
1162 3524 1237 3573 au·

147 3600 280 3685 spicio
302 3598 508 3683 quaedam.
531 3597 569 3664 C.
585 3596 797 3665 xvusca.
812 3619 840 3664 c.
863 3600 1040 3667 iuverhisr
1061 3602 1236 3686 oiubdtic

148 3703 240 3788 φίλοι
258 3703 290 3763 οὶ
301 3709 480 3786 προχωρεῖν
493 3695 595 3763 αὐτὸν
613 3695 807 3776 πλεύσαντες
823 3701 992 3767 articulum
1008 3707 1043 3768 nl
1054 3710 1134 3791 pust
1144 3710 1238 3795 φᾱοι
1277 3714 1280 3721 “

145 3803 219 3886 ipsc
240 3797 456 3877 Schaeserus‚
478 3801 532 3885 qui
559 3800 650 3865 scius
672 3818 744 3866 eum
765 3800 888 3881 hahet,
911 3801 1086 3871 delendum
1107 3812 1237 3877 censat.

146 3900 212 3964 Pro
233 3894 335 3963 αὐτὸν
358 3900 484 3965 Curaes
506 3918 526 3966 e
548 3899 642 3966 Bcdt
668 3899 703 3965 b.
723 3899 816 3966 dedit
835 3906 973 3981 ἐκεῖνον,
1015 3922 1085 3973 nnn
1112 3908 1237 3997 impc-

147 3999 246 4065 hante
267 3998 458 4067 Schaeferc.
