<?xml version="1.0" encoding="UTF-8"?>
<!DOCTYPE html PUBLIC "-//W3C//DTD XHTML 1.0 Transitional//EN"
    "http://www.w3.org/TR/xhtml1/DTD/xhtml1-transitional.dtd">
<html xmlns="http://www.w3.org/1999/xhtml" xml:lang="en" lang="en">
 <head>
  <title>
</title>
<meta http-equiv="Content-Type" content="text/html;charset=utf-8" />
  <meta name='ocr-system' content='tesseract 3.04.00' />
  <meta name='ocr-capabilities' content='ocr_page ocr_carea ocr_par ocr_line ocrx_word'/>
</head>
<body>
  <div class='ocr_page' id='page_1' title='image "./dehiatuinorator01bensgoog_0419.png"; bbox 0 0 2580 4514; ppageno 0'>
   <div class='ocr_carea' id='block_1_1' title="bbox 472 124 748 239">
    <p class='ocr_par' dir='ltr' id='par_1_1' title="bbox 472 124 748 239">
     <span class='ocr_line' id='line_1_1' title="bbox 472 124 748 239; baseline 0.004 -66"><span class='ocrx_word' id='word_1_1' title='bbox 472 124 748 239; x_wconf 25' lang='grc'><strong>,4891-</strong></span> 
     </span>
    </p>
   </div>
   <div class='ocr_carea' id='block_1_2' title="bbox 53 286 1162 1584">
    <p class='ocr_par' dir='ltr' id='par_1_2' title="bbox 53 286 1162 1481">
     <span class='ocr_line' id='line_1_2' title="bbox 53 286 1162 376; baseline -0.002 -16"><span class='ocrx_word' id='word_1_2' title='bbox 53 294 117 360; x_wconf 64' lang='lat' dir='ltr'><strong>socr</strong></span> <span class='ocrx_word' id='word_1_3' title='bbox 137 286 259 368; x_wconf 65' lang='grc' dir='ltr'><strong><em>αὐτοὺς</em></strong></span> <span class='ocrx_word' id='word_1_4' title='bbox 278 292 336 356; x_wconf 82' lang='grc' dir='ltr'><strong>καλ</strong></span> <span class='ocrx_word' id='word_1_5' title='bbox 355 288 434 376; x_wconf 77' lang='grc' dir='ltr'><strong>παρ’</strong></span> <span class='ocrx_word' id='word_1_6' title='bbox 460 292 593 368; x_wconf 73' lang='grc' dir='ltr'><strong><em>ἐκείνοις</em></strong></span> <span class='ocrx_word' id='word_1_7' title='bbox 620 287 848 373; x_wconf 75' lang='grc' dir='ltr'><strong><em>αἰχμαλώτους</em></strong></span> <span class='ocrx_word' id='word_1_8' title='bbox 874 288 959 356; x_wconf 72' lang='grc' dir='ltr'><strong><em>εἶναι</em></strong></span> <span class='ocrx_word' id='word_1_9' title='bbox 985 295 1047 358; x_wconf 71' lang='lat' dir='ltr'><strong>bet-</strong></span> <span class='ocrx_word' id='word_1_10' title='bbox 1063 290 1162 358; x_wconf 65' lang='lat' dir='ltr'><strong>‹tea-⁵</strong></span> 
     </span>
     <span class='ocr_line' id='line_1_3' title="bbox 54 379 1152 480; baseline -0.001 -21"><span class='ocrx_word' id='word_1_11' title='bbox 54 396 153 470; x_wconf 83' lang='grc' dir='ltr'><strong><em>λους,</em></strong></span> <span class='ocrx_word' id='word_1_12' title='bbox 174 388 252 480; x_wconf 42' lang='grc' dir='ltr'><strong>παρ)</strong></span> <span class='ocrx_word' id='word_1_13' title='bbox 277 389 366 474; x_wconf 74' lang='grc' dir='ltr'><strong><em>αὐτῷ</em></strong></span> <span class='ocrx_word' id='word_1_14' title='bbox 388 389 420 456; x_wconf 80' lang='grc' dir='ltr'><strong>δ’</strong></span> <span class='ocrx_word' id='word_1_15' title='bbox 444 393 637 478; x_wconf 72' lang='grc' dir='ltr'><strong><em>ἐλευθέρους</em></strong></span> <span class='ocrx_word' id='word_1_16' title='bbox 656 396 714 459; x_wconf 80' lang='grc' dir='ltr'><strong>καὶ</strong></span> <span class='ocrx_word' id='word_1_17' title='bbox 734 379 887 473; x_wconf 51' lang='grc' dir='ltr'><strong><em>ιιολίταςζ</em></strong></span> <span class='ocrx_word' id='word_1_18' title='bbox 906 391 960 456; x_wconf 83' lang='lat' dir='ltr'><strong>ubi</strong></span> <span class='ocrx_word' id='word_1_19' title='bbox 981 392 1014 457; x_wconf 91' lang='lat' dir='ltr'><strong>iu</strong></span> <span class='ocrx_word' id='word_1_20' title='bbox 1036 390 1152 459; x_wconf 78' lang='lat' dir='ltr'><strong>verbis¹</strong></span> 
     </span>
     <span class='ocr_line' id='line_1_4' title="bbox 54 488 1150 574; baseline -0.002 -16"><span class='ocrx_word' id='word_1_21' title='bbox 54 489 123 558; x_wconf 66' lang='grc' dir='ltr'><strong>ὑπὸ</strong></span> <span class='ocrx_word' id='word_1_22' title='bbox 143 492 208 556; x_wconf 78' lang='grc' dir='ltr'><strong><em>τῶν</em></strong></span> <span class='ocrx_word' id='word_1_23' title='bbox 228 493 386 572; x_wconf 74' lang='grc' dir='ltr'><strong><em>τιολτμιοιυ</em></strong></span> <span class='ocrx_word' id='word_1_24' title='bbox 408 493 534 572; x_wconf 77' lang='grc' dir='ltr'><strong><em>μᾶλλον</em></strong></span> <span class='ocrx_word' id='word_1_25' title='bbox 556 489 711 570; x_wconf 81' lang='grc' dir='ltr'><strong><em>ἡλωκέυαι</em></strong></span> <span class='ocrx_word' id='word_1_26' title='bbox 732 491 853 570; x_wconf 81' lang='grc' dir='ltr'><strong><em>αὐτοὺς</em></strong></span> <span class='ocrx_word' id='word_1_27' title='bbox 880 491 1020 558; x_wconf 70' lang='lat' dir='ltr'><strong>offenda.</strong></span> <span class='ocrx_word' id='word_1_28' title='bbox 1064 488 1150 574; x_wconf 77' lang='lat' dir='ltr'><strong>Quid</strong></span> 
     </span>
     <span class='ocr_line' id='line_1_5' title="bbox 55 587 1150 684; baseline -0.005 -23"><span class='ocrx_word' id='word_1_29' title='bbox 55 601 148 661; x_wconf 84' lang='lat' dir='ltr'><strong>enim</strong></span> <span class='ocrx_word' id='word_1_30' title='bbox 169 593 233 659; x_wconf 88' lang='lat' dir='ltr'><strong>hae</strong></span> <span class='ocrx_word' id='word_1_31' title='bbox 253 591 315 657; x_wconf 88' lang='lat' dir='ltr'><strong>sihi</strong></span> <span class='ocrx_word' id='word_1_32' title='bbox 336 593 423 658; x_wconf 86' lang='lat' dir='ltr'><strong>vuit:</strong></span> <span class='ocrx_word' id='word_1_33' title='bbox 466 612 541 658; x_wconf 91' lang='lat' dir='ltr'><strong>eus</strong></span> <span class='ocrx_word' id='word_1_34' title='bbox 561 587 760 684; x_wconf 79' lang='lat' dir='ltr'><strong>(captivus)</strong></span> <span class='ocrx_word' id='word_1_35' title='bbox 789 594 919 678; x_wconf 81' lang='lat' dir='ltr'><strong>magis</strong></span> <span class='ocrx_word' id='word_1_36' title='bbox 940 588 987 659; x_wconf 87' lang='lat' dir='ltr'><strong>ab</strong></span> <span class='ocrx_word' id='word_1_37' title='bbox 1009 592 1150 657; x_wconf 83' lang='lat' dir='ltr'><strong>hasti-</strong></span> 
     </span>
     <span class='ocr_line' id='line_1_6' title="bbox 55 681 1149 780; baseline -0.005 -20"><span class='ocrx_word' id='word_1_38' title='bbox 55 693 135 760; x_wconf 90' lang='lat' dir='ltr'><strong>bus</strong></span> <span class='ocrx_word' id='word_1_39' title='bbox 161 712 258 760; x_wconf 88' lang='lat' dir='ltr'><strong>esse</strong></span> <span class='ocrx_word' id='word_1_40' title='bbox 286 698 450 780; x_wconf 76' lang='lat' dir='ltr'><strong>captae,</strong></span> <span class='ocrx_word' id='word_1_41' title='bbox 495 712 567 758; x_wconf 88' lang='lat' dir='ltr'><strong>eum</strong></span> <span class='ocrx_word' id='word_1_42' title='bbox 594 694 668 779; x_wconf 89' lang='lat' dir='ltr'><strong>ipse</strong></span> <span class='ocrx_word' id='word_1_43' title='bbox 690 692 760 759; x_wconf 89' lang='lat' dir='ltr'><strong>eum</strong></span> <span class='ocrx_word' id='word_1_44' title='bbox 781 695 894 760; x_wconf 85' lang='lat' dir='ltr'><strong>amieis</strong></span> <span class='ocrx_word' id='word_1_45' title='bbox 916 712 976 759; x_wconf 88' lang='lat' dir='ltr'><strong>eus</strong></span> <span class='ocrx_word' id='word_1_46' title='bbox 997 681 1149 778; x_wconf 61' lang='lat' dir='ltr'><strong>ceperit?</strong></span> 
     </span>
     <span class='ocr_line' id='line_1_7' title="bbox 54 787 1150 879; baseline -0.004 -20"><span class='ocrx_word' id='word_1_47' title='bbox 54 789 108 859; x_wconf 78' lang='lat' dir='ltr'><strong>Et</strong></span> <span class='ocrx_word' id='word_1_48' title='bbox 129 793 161 859; x_wconf 89' lang='lat' dir='ltr'><strong>si</strong></span> <span class='ocrx_word' id='word_1_49' title='bbox 181 794 284 860; x_wconf 89' lang='lat' dir='ltr'><strong>verba</strong></span> <span class='ocrx_word' id='word_1_50' title='bbox 304 794 352 860; x_wconf 88' lang='lat' dir='ltr'><strong>ita</strong></span> <span class='ocrx_word' id='word_1_51' title='bbox 372 794 538 879; x_wconf 79' lang='lat' dir='ltr'><strong>explicas,</strong></span> <span class='ocrx_word' id='word_1_52' title='bbox 582 801 617 859; x_wconf 91' lang='lat' dir='ltr'><strong>ut</strong></span> <span class='ocrx_word' id='word_1_53' title='bbox 638 794 681 860; x_wconf 87' lang='lat' dir='ltr'><strong>ad</strong></span> <span class='ocrx_word' id='word_1_54' title='bbox 701 796 852 863; x_wconf 82' lang='lat' dir='ltr'>miseram</span> <span class='ocrx_word' id='word_1_55' title='bbox 874 787 1012 861; x_wconf 88' lang='lat' dir='ltr'><strong>hastium</strong></span> <span class='ocrx_word' id='word_1_56' title='bbox 1034 790 1150 858; x_wconf 86' lang='lat' dir='ltr'><strong>eandi-</strong></span> 
     </span>
     <span class='ocr_line' id='line_1_8' title="bbox 55 892 1150 982; baseline -0.002 -24"><span class='ocrx_word' id='word_1_57' title='bbox 55 894 181 960; x_wconf 84' lang='lat' dir='ltr'><strong>tiauem</strong></span> <span class='ocrx_word' id='word_1_58' title='bbox 202 895 457 980; x_wconf 84' lang='lat' dir='ltr'><strong>servitutemque</strong></span> <span class='ocrx_word' id='word_1_59' title='bbox 478 913 541 980; x_wconf 84' lang='lat' dir='ltr'><strong>qua</strong></span> <span class='ocrx_word' id='word_1_60' title='bbox 562 913 583 960; x_wconf 88' lang='lat' dir='ltr'><strong>a</strong></span> <span class='ocrx_word' id='word_1_61' title='bbox 605 895 739 962; x_wconf 83' lang='lat' dir='ltr'><strong>ducibus</strong></span> <span class='ocrx_word' id='word_1_62' title='bbox 761 902 968 982; x_wconf 88' lang='lat' dir='ltr'><strong>premantur,</strong></span> <span class='ocrx_word' id='word_1_63' title='bbox 1011 892 1150 978; x_wconf 85' lang='lat' dir='ltr'><strong>reseras,</strong></span> 
     </span>
     <span class='ocr_line' id='line_1_9' title="bbox 55 993 1149 1083; baseline -0.004 -21"><span class='ocrx_word' id='word_1_64' title='bbox 55 993 430 1083; x_wconf 73' lang='lat' dir='ltr'><strong>huetameuquumodo</strong></span> <span class='ocrx_word' id='word_1_65' title='bbox 452 994 517 1061; x_wconf 89' lang='lat' dir='ltr'><strong>diei</strong></span> <span class='ocrx_word' id='word_1_66' title='bbox 538 997 663 1081; x_wconf 67' lang='lat' dir='ltr'><strong>possita</strong></span> <span class='ocrx_word' id='word_1_67' title='bbox 706 1016 779 1062; x_wconf 88' lang='lat' dir='ltr'><strong>eos</strong></span> <span class='ocrx_word' id='word_1_68' title='bbox 802 997 999 1083; x_wconf 83' lang='lat' dir='ltr'><strong>captivas</strong></span> <span class='ocrx_word' id='word_1_69' title='bbox 1027 1014 1048 1059; x_wconf 87' lang='lat' dir='ltr'><strong>a</strong></span> <span class='ocrx_word' id='word_1_70' title='bbox 1075 993 1149 1059; x_wconf 89' lang='lat' dir='ltr'><strong>bo-</strong></span> 
     </span>
     <span class='ocr_line' id='line_1_10' title="bbox 55 1088 1149 1181; baseline -0.003 -20"><span class='ocrx_word' id='word_1_71' title='bbox 55 1095 201 1161; x_wconf 77' lang='lat' dir='ltr'>stibus</span> <span class='ocrx_word' id='word_1_72' title='bbox 233 1096 427 1162; x_wconf 87' lang='lat' dir='ltr'><strong>redditos</strong></span> <span class='ocrx_word' id='word_1_73' title='bbox 455 1115 550 1162; x_wconf 87' lang='lat' dir='ltr'><strong>esse</strong></span> <span class='ocrx_word' id='word_1_74' title='bbox 580 1109 645 1162; x_wconf 88' lang='lat' dir='ltr'><strong>uun</strong></span> <span class='ocrx_word' id='word_1_75' title='bbox 674 1097 831 1181; x_wconf 83' lang='lat' dir='ltr'><strong>intelligo.</strong></span> <span class='ocrx_word' id='word_1_76' title='bbox 897 1095 1025 1162; x_wconf 90' lang='lat' dir='ltr'><strong>Deleas</strong></span> <span class='ocrx_word' id='word_1_77' title='bbox 1051 1088 1149 1179; x_wconf 77' lang='lat' dir='ltr'><strong>igitur</strong></span> 
     </span>
     <span class='ocr_line' id='line_1_11' title="bbox 55 1193 1149 1283; baseline -0.003 -21"><span class='ocrx_word' id='word_1_78' title='bbox 55 1193 197 1277; x_wconf 80' lang='grc' dir='ltr'><strong><em>αὐτοὺς,</em></strong></span> <span class='ocrx_word' id='word_1_79' title='bbox 219 1203 254 1263; x_wconf 94' lang='lat' dir='ltr'><strong>ut</strong></span> <span class='ocrx_word' id='word_1_80' title='bbox 274 1197 442 1263; x_wconf 82' lang='lat' dir='ltr'><strong>sententie</strong></span> <span class='ocrx_word' id='word_1_81' title='bbox 463 1198 523 1263; x_wconf 85' lang='lat' dir='ltr'><strong>sit:</strong></span> <span class='ocrx_word' id='word_1_82' title='bbox 554 1197 600 1264; x_wconf 87' lang='lat' dir='ltr'><strong>ab</strong></span> <span class='ocrx_word' id='word_1_83' title='bbox 622 1197 817 1264; x_wconf 87' lang='lat' dir='ltr'><strong>hostibus</strong></span> <span class='ocrx_word' id='word_1_84' title='bbox 838 1198 982 1283; x_wconf 88' lang='lat' dir='ltr'><strong>patius</strong></span> <span class='ocrx_word' id='word_1_85' title='bbox 1005 1197 1149 1280; x_wconf 88' lang='lat' dir='ltr'><strong>eapti-</strong></span> 
     </span>
     <span class='ocr_line' id='line_1_12' title="bbox 56 1296 1149 1377; baseline -0.001 -15"><span class='ocrx_word' id='word_1_86' title='bbox 56 1315 140 1362; x_wconf 87' lang='lat' dir='ltr'><strong>vus</strong></span> <span class='ocrx_word' id='word_1_87' title='bbox 160 1296 260 1362; x_wconf 77' lang='lat' dir='ltr'><strong>fieri</strong></span> <span class='ocrx_word' id='word_1_88' title='bbox 282 1304 322 1364; x_wconf 95' lang='lat' dir='ltr'><strong>et</strong></span> <span class='ocrx_word' id='word_1_89' title='bbox 343 1317 512 1377; x_wconf 86' lang='lat' dir='ltr'><strong>servus,</strong></span> <span class='ocrx_word' id='word_1_90' title='bbox 533 1317 668 1363; x_wconf 85' lang='lat' dir='ltr'><strong>seeum</strong></span> <span class='ocrx_word' id='word_1_91' title='bbox 689 1296 969 1364; x_wconf 85' lang='lat' dir='ltr'><strong>tautummodo</strong></span> <span class='ocrx_word' id='word_1_92' title='bbox 992 1296 1149 1361; x_wconf 86' lang='lat' dir='ltr'><strong>liberes</strong></span> 
     </span>
     <span class='ocr_line' id='line_1_13' title="bbox 53 1396 1147 1481; baseline -0.005 -17"><span class='ocrx_word' id='word_1_93' title='bbox 53 1399 235 1464; x_wconf 83' lang='lat' dir='ltr'><strong>versari.</strong></span> <span class='ocrx_word' id='word_1_94' title='bbox 264 1396 337 1481; x_wconf 80' lang='lat' dir='ltr'><strong>Qua</strong></span> <span class='ocrx_word' id='word_1_95' title='bbox 350 1398 392 1465; x_wconf 86' lang='lat' dir='ltr'><strong>de</strong></span> <span class='ocrx_word' id='word_1_96' title='bbox 406 1417 576 1465; x_wconf 88' lang='lat' dir='ltr'><strong>eausaeus</strong></span> <span class='ocrx_word' id='word_1_97' title='bbox 598 1396 747 1465; x_wconf 80' lang='lat' dir='ltr'><strong>custodia</strong></span> <span class='ocrx_word' id='word_1_98' title='bbox 768 1405 803 1463; x_wconf 89' lang='lat' dir='ltr'><strong>et</strong></span> <span class='ocrx_word' id='word_1_99' title='bbox 824 1397 963 1464; x_wconf 83' lang='lat' dir='ltr'><strong>vinculis</strong></span> <span class='ocrx_word' id='word_1_100' title='bbox 985 1396 1147 1462; x_wconf 83' lang='lat' dir='ltr'><strong>liberavit.</strong></span> 
     </span>
    </p>

    <p class='ocr_par' dir='ltr' id='par_1_3' title="bbox 127 1496 1149 1584">
     <span class='ocr_line' id='line_1_14' title="bbox 127 1496 1149 1584; baseline -0.001 -21"><span class='ocrx_word' id='word_1_101' title='bbox 127 1498 185 1563; x_wconf 52' lang='lat' dir='ltr'><strong>‘lu</strong></span> <span class='ocrx_word' id='word_1_102' title='bbox 206 1500 279 1566; x_wconf 87' lang='lat' dir='ltr'><strong>vita</strong></span> <span class='ocrx_word' id='word_1_103' title='bbox 300 1499 417 1565; x_wconf 85' lang='lat' dir='ltr'><strong>Diouis</strong></span> <span class='ocrx_word' id='word_1_104' title='bbox 439 1501 536 1584; x_wconf 84' lang='lat' dir='ltr'><strong>igitur</strong></span> <span class='ocrx_word' id='word_1_105' title='bbox 557 1518 601 1565; x_wconf 82' lang='lat' dir='ltr'><strong>ex</strong></span> <span class='ocrx_word' id='word_1_106' title='bbox 629 1500 732 1564; x_wconf 84' lang='lat' dir='ltr'><strong>tribus</strong></span> <span class='ocrx_word' id='word_1_107' title='bbox 762 1498 966 1583; x_wconf 83' lang='lat' dir='ltr'><strong>gravioribus</strong></span> <span class='ocrx_word' id='word_1_108' title='bbox 996 1496 1149 1576; x_wconf 80' lang='lat' dir='ltr'><strong>hiatibus,</strong></span> 
     </span>
    </p>
   </div>
   <div class='ocr_carea' id='block_1_3' title="bbox 56 1597 1261 1687">
    <p class='ocr_par' dir='ltr' id='par_1_4' title="bbox 56 1597 1261 1687">
     <span class='ocr_line' id='line_1_15' title="bbox 56 1597 1261 1687; baseline -0.004 -21"><span class='ocrx_word' id='word_1_109' title='bbox 56 1600 113 1686; x_wconf 85' lang='lat' dir='ltr'><strong>qui</strong></span> <span class='ocrx_word' id='word_1_110' title='bbox 139 1619 202 1666; x_wconf 90' lang='lat' dir='ltr'><strong>nou</strong></span> <span class='ocrx_word' id='word_1_111' title='bbox 230 1602 382 1667; x_wconf 75' lang='lat' dir='ltr'><strong>exausari</strong></span> <span class='ocrx_word' id='word_1_112' title='bbox 411 1619 511 1687; x_wconf 87' lang='lat' dir='ltr'><strong>posse</strong></span> <span class='ocrx_word' id='word_1_113' title='bbox 538 1599 708 1676; x_wconf 87' lang='lat' dir='ltr'><strong>videntur,</strong></span> <span class='ocrx_word' id='word_1_114' title='bbox 746 1619 842 1666; x_wconf 89' lang='lat' dir='ltr'><strong>unum</strong></span> <span class='ocrx_word' id='word_1_115' title='bbox 877 1599 975 1665; x_wconf 88' lang='lat' dir='ltr'><strong>tolles</strong></span> <span class='ocrx_word' id='word_1_116' title='bbox 1004 1597 1149 1664; x_wconf 82' lang='lat' dir='ltr'><strong>codicum</strong></span> <span class='ocrx_word' id='word_1_117' title='bbox 1240 1637 1261 1674; x_wconf 52' lang='lat'><strong>,2</strong></span> 
     </span>
    </p>
   </div>
   <div class='ocr_carea' id='block_1_4' title="bbox 9 1696 1227 4104">
    <p class='ocr_par' dir='ltr' id='par_1_5' title="bbox 54 1696 1150 2190">
     <span class='ocr_line' id='line_1_16' title="bbox 55 1696 1148 1784; baseline -0.007 -17"><span class='ocrx_word' id='word_1_118' title='bbox 55 1701 254 1767; x_wconf 79' lang='lat' dir='ltr'><strong>auctoritate</strong></span> <span class='ocrx_word' id='word_1_119' title='bbox 283 1721 312 1767; x_wconf 88' lang='lat' dir='ltr'><strong>e.</strong></span> <span class='ocrx_word' id='word_1_120' title='bbox 334 1705 441 1766; x_wconf 79' lang='lat' dir='ltr'><strong>XXX·</strong></span> <span class='ocrx_word' id='word_1_121' title='bbox 470 1707 505 1766; x_wconf 93' lang='lat' dir='ltr'><strong>et</strong></span> <span class='ocrx_word' id='word_1_122' title='bbox 526 1700 607 1766; x_wconf 87' lang='lat' dir='ltr'><strong>duos</strong></span> <span class='ocrx_word' id='word_1_123' title='bbox 639 1718 659 1766; x_wconf 95' lang='lat' dir='ltr'><strong>e</strong></span> <span class='ocrx_word' id='word_1_124' title='bbox 687 1702 873 1784; x_wconf 87' lang='lat' dir='ltr'><strong>conjectura</strong></span> <span class='ocrx_word' id='word_1_125' title='bbox 900 1719 926 1766; x_wconf 86' lang='lat' dir='ltr'><strong>e.</strong></span> <span class='ocrx_word' id='word_1_126' title='bbox 959 1699 1001 1763; x_wconf 88' lang='lat' dir='ltr'><strong>li.</strong></span> <span class='ocrx_word' id='word_1_127' title='bbox 1029 1705 1065 1765; x_wconf 93' lang='lat' dir='ltr'><strong>et</strong></span> <span class='ocrx_word' id='word_1_128' title='bbox 1089 1696 1148 1762; x_wconf 87' lang='grc' dir='ltr'><strong>ΙΙΙ.</strong></span> 
     </span>
     <span class='ocr_line' id='line_1_17' title="bbox 55 1789 1150 1890; baseline -0.005 -21"><span class='ocrx_word' id='word_1_129' title='bbox 55 1800 96 1869; x_wconf 84' lang='lat' dir='ltr'><strong>ln</strong></span> <span class='ocrx_word' id='word_1_130' title='bbox 135 1801 202 1867; x_wconf 88' lang='lat' dir='ltr'><strong>vita</strong></span> <span class='ocrx_word' id='word_1_131' title='bbox 229 1801 323 1868; x_wconf 85' lang='lat' dir='ltr'><strong>Bruti</strong></span> <span class='ocrx_word' id='word_1_132' title='bbox 352 1821 396 1868; x_wconf 78' lang='lat' dir='ltr'><strong>ex</strong></span> <span class='ocrx_word' id='word_1_133' title='bbox 424 1819 542 1867; x_wconf 88' lang='lat' dir='ltr'><strong>novem</strong></span> <span class='ocrx_word' id='word_1_134' title='bbox 568 1801 728 1885; x_wconf 87' lang='lat' dir='ltr'><strong>ejusmodi</strong></span> <span class='ocrx_word' id='word_1_135' title='bbox 761 1801 852 1867; x_wconf 90' lang='lat' dir='ltr'><strong>vitiis</strong></span> <span class='ocrx_word' id='word_1_136' title='bbox 878 1801 1018 1890; x_wconf 75' lang='lat' dir='ltr'><strong>quiaque</strong></span> <span class='ocrx_word' id='word_1_137' title='bbox 1052 1789 1150 1864; x_wconf 83' lang='lat' dir='ltr'><strong>etiam</strong></span> 
     </span>
     <span class='ocr_line' id='line_1_18' title="bbox 54 1900 1148 1978; baseline -0.003 -11"><span class='ocrx_word' id='word_1_138' title='bbox 54 1901 133 1967; x_wconf 70' lang='lat' dir='ltr'><strong>this</strong></span> <span class='ocrx_word' id='word_1_139' title='bbox 154 1900 195 1967; x_wconf 85' lang='lat' dir='ltr'><strong>de</strong></span> <span class='ocrx_word' id='word_1_140' title='bbox 216 1903 325 1968; x_wconf 85' lang='lat' dir='ltr'><strong>eaesis</strong></span> <span class='ocrx_word' id='word_1_141' title='bbox 346 1901 541 1968; x_wconf 86' lang='lat' dir='ltr'><strong>videbantur</strong></span> <span class='ocrx_word' id='word_1_142' title='bbox 561 1901 776 1978; x_wconf 85' lang='lat' dir='ltr'><strong>emendanda,</strong></span> <span class='ocrx_word' id='word_1_143' title='bbox 796 1922 829 1968; x_wconf 86' lang='lat' dir='ltr'><strong>v.</strong></span> <span class='ocrx_word' id='word_1_144' title='bbox 841 1921 869 1968; x_wconf 86' lang='grc' dir='ltr'><strong>ο.</strong></span> <span class='ocrx_word' id='word_1_145' title='bbox 893 1906 918 1966; x_wconf 90' lang='lat'><strong>1.</strong></span> <span class='ocrx_word' id='word_1_146' title='bbox 935 1902 1148 1965; x_wconf 76' lang='lat' dir='ltr'><strong>x111.xv1h</strong></span> 
     </span>
     <span class='ocr_line' id='line_1_19' title="bbox 55 2003 1148 2092; baseline -0.003 -26"><span class='ocrx_word' id='word_1_147' title='bbox 55 2005 233 2068; x_wconf 78' lang='lat' dir='ltr'>XXXVII.</span> <span class='ocrx_word' id='word_1_148' title='bbox 255 2007 371 2092; x_wconf 57' lang='lat' dir='ltr'><strong>XLV„</strong></span> <span class='ocrx_word' id='word_1_149' title='bbox 391 2011 426 2070; x_wconf 92' lang='lat' dir='ltr'><strong>et</strong></span> <span class='ocrx_word' id='word_1_150' title='bbox 446 2010 583 2091; x_wconf 86' lang='lat' dir='ltr'><strong>quatuor</strong></span> <span class='ocrx_word' id='word_1_151' title='bbox 603 2005 705 2071; x_wconf 86' lang='lat' dir='ltr'><strong>solius</strong></span> <span class='ocrx_word' id='word_1_152' title='bbox 727 2004 834 2070; x_wconf 86' lang='lat' dir='ltr'><strong>hiatus</strong></span> <span class='ocrx_word' id='word_1_153' title='bbox 855 2021 966 2082; x_wconf 89' lang='lat' dir='ltr'><strong>eausa,</strong></span> <span class='ocrx_word' id='word_1_154' title='bbox 987 2021 1021 2067; x_wconf 91' lang='lat' dir='ltr'><strong>v.</strong></span> <span class='ocrx_word' id='word_1_155' title='bbox 1044 2019 1071 2065; x_wconf 90' lang='lat' dir='ltr'><strong>e.</strong></span> <span class='ocrx_word' id='word_1_156' title='bbox 1088 2003 1148 2064; x_wconf 83' lang='lat' dir='ltr'><strong>lv.</strong></span> 
     </span>
     <span class='ocr_line' id='line_1_20' title="bbox 55 2104 1052 2190; baseline -0.001 -22"><span class='ocrx_word' id='word_1_157' title='bbox 55 2106 227 2173; x_wconf 80' lang='lat' dir='ltr'>x.XV11.</span> <span class='ocrx_word' id='word_1_158' title='bbox 250 2107 406 2170; x_wconf 85' lang='lat' dir='ltr'>XXXVI.</span> <span class='ocrx_word' id='word_1_159' title='bbox 450 2105 489 2170; x_wconf 89' lang='lat' dir='ltr'><strong>lu</strong></span> <span class='ocrx_word' id='word_1_160' title='bbox 511 2107 753 2190; x_wconf 83' lang='lat' dir='ltr'><strong>comparatione</strong></span> <span class='ocrx_word' id='word_1_161' title='bbox 775 2125 839 2172; x_wconf 87' lang='lat' dir='ltr'><strong>uun</strong></span> <span class='ocrx_word' id='word_1_162' title='bbox 861 2112 914 2171; x_wconf 91' lang='lat' dir='ltr'><strong>est</strong></span> <span class='ocrx_word' id='word_1_163' title='bbox 935 2104 1052 2170; x_wconf 81' lang='lat' dir='ltr'><strong>hiatus.</strong></span> 
     </span>
    </p>

    <p class='ocr_par' dir='ltr' id='par_1_6' title="bbox 9 2203 1227 4104">
     <span class='ocr_line' id='line_1_21' title="bbox 143 2203 1147 2288; baseline -0.003 -19"><span class='ocrx_word' id='word_1_164' title='bbox 143 2204 189 2269; x_wconf 90' lang='lat' dir='ltr'><strong>lu·</strong></span> <span class='ocrx_word' id='word_1_165' title='bbox 211 2205 282 2272; x_wconf 86' lang='lat' dir='ltr'><strong>vita</strong></span> <span class='ocrx_word' id='word_1_166' title='bbox 300 2205 430 2270; x_wconf 87' lang='lat' dir='ltr'><strong>Arati</strong></span> <span class='ocrx_word' id='word_1_167' title='bbox 459 2224 488 2271; x_wconf 86' lang='lat' dir='ltr'><strong>e.</strong></span> <span class='ocrx_word' id='word_1_168' title='bbox 511 2206 538 2272; x_wconf 92' lang='grc' dir='ltr'><strong>Ι.</strong></span> <span class='ocrx_word' id='word_1_169' title='bbox 570 2203 687 2271; x_wconf 68' lang='lat'><strong>1027.</strong></span> <span class='ocrx_word' id='word_1_170' title='bbox 712 2224 742 2273; x_wconf 90' lang='lat' dir='ltr'><strong>e.</strong></span> <span class='ocrx_word' id='word_1_171' title='bbox 772 2223 856 2273; x_wconf 85' lang='lat' dir='ltr'><strong>nune</strong></span> <span class='ocrx_word' id='word_1_172' title='bbox 878 2205 960 2271; x_wconf 90' lang='lat' dir='ltr'><strong>haee</strong></span> <span class='ocrx_word' id='word_1_173' title='bbox 981 2204 1147 2288; x_wconf 82' lang='lat' dir='ltr'><strong>leguntur:</strong></span> 
     </span>
     <span class='ocr_line' id='line_1_22' title="bbox 54 2290 1147 2393; baseline -0.003 -23"><span class='ocrx_word' id='word_1_174' title='bbox 54 2301 221 2393; x_wconf 71' lang='grc' dir='ltr'><strong><em>φιλαύτου</em></strong></span> <span class='ocrx_word' id='word_1_175' title='bbox 241 2303 305 2391; x_wconf 75' lang='grc' dir='ltr'><strong>γὰρ</strong></span> <span class='ocrx_word' id='word_1_176' title='bbox 327 2303 461 2390; x_wconf 78' lang='grc' dir='ltr'><strong><em>ἀνδρὸς,</em></strong></span> <span class='ocrx_word' id='word_1_177' title='bbox 507 2303 546 2370; x_wconf 80' lang='grc' dir='ltr'><strong>οὐ</strong></span> <span class='ocrx_word' id='word_1_178' title='bbox 567 2303 765 2391; x_wconf 80' lang='grc' dir='ltr'><strong><em>φιλοκάλου,</em></strong></span> <span class='ocrx_word' id='word_1_179' title='bbox 807 2303 929 2381; x_wconf 77' lang='grc' dir='ltr'><strong><em>παντὸς</em></strong></span> <span class='ocrx_word' id='word_1_180' title='bbox 955 2302 1006 2370; x_wconf 81' lang='grc' dir='ltr'><strong>ιἰεὶ</strong></span> <span class='ocrx_word' id='word_1_181' title='bbox 1032 2290 1147 2387; x_wconf 79' lang='grc' dir='ltr'><strong><em>βελτίω</em></strong></span> 
     </span>
     <span class='ocr_line' id='line_1_23' title="bbox 55 2384 1149 2492; baseline -0.005 -20"><span class='ocrx_word' id='word_1_182' title='bbox 55 2401 159 2472; x_wconf 78' lang='grc' dir='ltr'><strong><em>αὑτὸν</em></strong></span> <span class='ocrx_word' id='word_1_183' title='bbox 180 2404 348 2490; x_wconf 77' lang='grc' dir='ltr'><strong><em>ἡγεῖσθαι.</em></strong></span> <span class='ocrx_word' id='word_1_184' title='bbox 392 2407 497 2490; x_wconf 79' lang='lat' dir='ltr'><strong>Vulgo</strong></span> <span class='ocrx_word' id='word_1_185' title='bbox 520 2416 649 2472; x_wconf 83' lang='lat' dir='ltr'><strong>cantra:</strong></span> <span class='ocrx_word' id='word_1_186' title='bbox 677 2401 840 2492; x_wconf 80' lang='grc' dir='ltr'><strong><em>φιλαύτου</em></strong></span> <span class='ocrx_word' id='word_1_187' title='bbox 861 2403 925 2489; x_wconf 78' lang='grc' dir='ltr'><strong>γὰρ</strong></span> <span class='ocrx_word' id='word_1_188' title='bbox 947 2401 1082 2489; x_wconf 83' lang='grc' dir='ltr'><strong><em>ιἰυὸρὸς,</em></strong></span> <span class='ocrx_word' id='word_1_189' title='bbox 1108 2384 1149 2468; x_wconf 74' lang='grc' dir='ltr'><strong>οὗ</strong></span> 
     </span>
     <span class='ocr_line' id='line_1_24' title="bbox 55 2502 1148 2594; baseline -0.003 -23"><span class='ocrx_word' id='word_1_190' title='bbox 55 2503 252 2594; x_wconf 75' lang='grc' dir='ltr'><strong><em>φιλοκάλου,</em></strong></span> <span class='ocrx_word' id='word_1_191' title='bbox 273 2505 394 2583; x_wconf 77' lang='grc' dir='ltr'><strong><em>παντὸς</em></strong></span> <span class='ocrx_word' id='word_1_192' title='bbox 415 2505 466 2573; x_wconf 78' lang='grc' dir='ltr'><strong>ἀεὶ</strong></span> <span class='ocrx_word' id='word_1_193' title='bbox 486 2507 654 2591; x_wconf 75' lang='grc' dir='ltr'><strong><em>βέλτιστοι</em></strong></span> <span class='ocrx_word' id='word_1_194' title='bbox 665 2502 834 2588; x_wconf 76' lang='grc' dir='ltr'><strong><em>ἡγεῖσθαι.</em></strong></span> <span class='ocrx_word' id='word_1_195' title='bbox 876 2504 1148 2590; x_wconf 70' lang='lat' dir='ltr'><strong>Xylahder&#39;hauc</strong></span> 
     </span>
     <span class='ocr_line' id='line_1_25' title="bbox 54 2596 1144 2703; baseline -0.006 -27"><span class='ocrx_word' id='word_1_196' title='bbox 54 2626 136 2676; x_wconf 88' lang='lat' dir='ltr'><strong>esse</strong></span> <span class='ocrx_word' id='word_1_197' title='bbox 157 2607 220 2674; x_wconf 85' lang='lat' dir='ltr'><strong>luci</strong></span> <span class='ocrx_word' id='word_1_198' title='bbox 241 2609 437 2703; x_wconf 72' lang='lat' dir='ltr'><strong>senteutiam</strong></span> <span class='ocrx_word' id='word_1_199' title='bbox 459 2609 653 2674; x_wconf 85' lang='lat' dir='ltr'><strong>arbitratur:</strong></span> <span class='ocrx_word' id='word_1_200' title='bbox 690 2607 750 2671; x_wconf 86' lang='lat' dir='ltr'><strong>Tu</strong></span> <span class='ocrx_word' id='word_1_201' title='bbox 771 2596 944 2692; x_wconf 83' lang='lat' dir='ltr'><strong>quidem,</strong></span> <span class='ocrx_word' id='word_1_202' title='bbox 974 2625 993 2670; x_wconf 93' lang='grc' dir='ltr'><strong><em>ο</em></strong></span> <span class='ocrx_word' id='word_1_203' title='bbox 1016 2605 1144 2690; x_wconf 87' lang='lat' dir='ltr'><strong>Puly-</strong></span> 
     </span>
     <span class='ocr_line' id='line_1_26' title="bbox 54 2694 1186 2796; baseline -0.004 -22"><span class='ocrx_word' id='word_1_204' title='bbox 54 2714 220 2796; x_wconf 86' lang='lat' dir='ltr'><strong>erates‚</strong></span> <span class='ocrx_word' id='word_1_205' title='bbox 248 2709 315 2775; x_wconf 93' lang='lat' dir='ltr'><strong>vir</strong></span> <span class='ocrx_word' id='word_1_206' title='bbox 336 2728 380 2775; x_wconf 89' lang='lat' dir='ltr'><strong>es</strong></span> <span class='ocrx_word' id='word_1_207' title='bbox 402 2710 678 2796; x_wconf 80' lang='lat' dir='ltr'><strong>praeclarus:</strong></span> <span class='ocrx_word' id='word_1_208' title='bbox 720 2707 792 2774; x_wconf 88' lang='lat' dir='ltr'><strong>sed</strong></span> <span class='ocrx_word' id='word_1_209' title='bbox 821 2707 944 2771; x_wconf 87' lang='lat' dir='ltr'><strong>nimis</strong></span> <span class='ocrx_word' id='word_1_210' title='bbox 963 2705 1042 2770; x_wconf 88' lang='lat' dir='ltr'><strong>tibi</strong></span> <span class='ocrx_word' id='word_1_211' title='bbox 1062 2706 1147 2791; x_wconf 81' lang='lat' dir='ltr'><strong>ipsi</strong></span> <span class='ocrx_word' id='word_1_212' title='bbox 1174 2694 1186 2715; x_wconf 90' lang='lat'><strong><em>‘</em></strong></span> 
     </span>
     <span class='ocr_line' id='line_1_27' title="bbox 9 2806 1144 2895; baseline -0.003 -20"><span class='ocrx_word' id='word_1_213' title='bbox 9 2838 17 2875; x_wconf 90' lang='grc'><strong>.·</strong></span> <span class='ocrx_word' id='word_1_214' title='bbox 54 2809 275 2895; x_wconf 84' lang='lat' dir='ltr'><strong>placeres,</strong></span> <span class='ocrx_word' id='word_1_215' title='bbox 297 2815 331 2874; x_wconf 88' lang='lat' dir='ltr'><strong>si</strong></span> <span class='ocrx_word' id='word_1_216' title='bbox 353 2815 509 2876; x_wconf 89' lang='lat' dir='ltr'><strong>tautum</strong></span> <span class='ocrx_word' id='word_1_217' title='bbox 531 2808 609 2875; x_wconf 89' lang='lat' dir='ltr'><strong>tibi</strong></span> <span class='ocrx_word' id='word_1_218' title='bbox 630 2808 866 2891; x_wconf 84' lang='lat' dir='ltr'><strong>tribueres,</strong></span> <span class='ocrx_word' id='word_1_219' title='bbox 890 2811 1027 2873; x_wconf 87' lang='lat' dir='ltr'><strong>utnon</strong></span> <span class='ocrx_word' id='word_1_220' title='bbox 1049 2806 1144 2872; x_wconf 83' lang='lat' dir='ltr'><strong>Ara·</strong></span> 
     </span>
     <span class='ocr_line' id='line_1_28' title="bbox 41 2908 1147 2995; baseline 0.001 -22"><span class='ocrx_word' id='word_1_221' title='bbox 41 2917 136 2975; x_wconf 75' lang='lat' dir='ltr'><strong>tum</strong></span> <span class='ocrx_word' id='word_1_222' title='bbox 159 2910 298 2995; x_wconf 87' lang='lat' dir='ltr'><strong>patius</strong></span> <span class='ocrx_word' id='word_1_223' title='bbox 320 2909 556 2976; x_wconf 88' lang='lat' dir='ltr'><strong>imitandum</strong></span> <span class='ocrx_word' id='word_1_224' title='bbox 578 2909 664 2974; x_wconf 86' lang='lat' dir='ltr'><strong>tuis</strong></span> <span class='ocrx_word' id='word_1_225' title='bbox 686 2908 812 2988; x_wconf 87' lang='lat' dir='ltr'><strong>iiiiis,</strong></span> <span class='ocrx_word' id='word_1_226' title='bbox 855 2927 968 2994; x_wconf 89' lang='lat' dir='ltr'><strong>quam</strong></span> <span class='ocrx_word' id='word_1_227' title='bbox 990 2915 1032 2974; x_wconf 87' lang='lat' dir='ltr'><strong>te</strong></span> <span class='ocrx_word' id='word_1_228' title='bbox 1053 2926 1147 2994; x_wconf 85' lang='lat' dir='ltr'><strong>pra·</strong></span> 
     </span>
     <span class='ocr_line' id='line_1_29' title="bbox 54 3006 1148 3096; baseline -0.001 -21"><span class='ocrx_word' id='word_1_229' title='bbox 54 3028 243 3096; x_wconf 69' lang='lat' dir='ltr'><strong>poneres.</strong></span> <span class='ocrx_word' id='word_1_230' title='bbox 288 3011 369 3089; x_wconf 80' lang='lat' dir='ltr'><strong>„Aa</strong></span> <span class='ocrx_word' id='word_1_231' title='bbox 389 3008 560 3077; x_wconf 65' lang='lat' dir='ltr'><strong>videntur«</strong></span> <span class='ocrx_word' id='word_1_232' title='bbox 580 3011 687 3094; x_wconf 84' lang='lat' dir='ltr'><strong>pergit</strong></span> <span class='ocrx_word' id='word_1_233' title='bbox 709 3010 786 3090; x_wconf 85' lang='lat' dir='ltr'><strong>„iiia</strong></span> <span class='ocrx_word' id='word_1_234' title='bbox 807 3011 927 3079; x_wconf 75' lang='lat' dir='ltr'><strong>verbaz</strong></span> <span class='ocrx_word' id='word_1_235' title='bbox 955 3007 1076 3084; x_wconf 73' lang='grc' dir='ltr'><strong><em>παντὸς</em></strong></span> <span class='ocrx_word' id='word_1_236' title='bbox 1096 3006 1148 3074; x_wconf 76' lang='lat' dir='ltr'><strong>cist</strong></span> 
     </span>
     <span class='ocr_line' id='line_1_30' title="bbox 53 3107 1148 3193; baseline 0.001 -20"><span class='ocrx_word' id='word_1_237' title='bbox 53 3110 224 3193; x_wconf 77' lang='grc' dir='ltr'><strong><em>βέλτιστοι</em></strong></span> <span class='ocrx_word' id='word_1_238' title='bbox 246 3129 310 3176; x_wconf 87' lang='lat' dir='ltr'><strong>nau</strong></span> <span class='ocrx_word' id='word_1_239' title='bbox 333 3129 455 3177; x_wconf 85' lang='lat' dir='ltr'><strong>vacare</strong></span> <span class='ocrx_word' id='word_1_240' title='bbox 475 3110 613 3188; x_wconf 89' lang='lat' dir='ltr'><strong>menda,</strong></span> <span class='ocrx_word' id='word_1_241' title='bbox 642 3109 704 3175; x_wconf 86' lang='lat' dir='ltr'><strong>sed</strong></span> <span class='ocrx_word' id='word_1_242' title='bbox 726 3109 847 3176; x_wconf 86' lang='lat' dir='ltr'><strong>deesse</strong></span> <span class='ocrx_word' id='word_1_243' title='bbox 868 3107 986 3174; x_wconf 73' lang='grc' dir='ltr'><strong><em>ἑαυτὸν</em></strong></span> <span class='ocrx_word' id='word_1_244' title='bbox 1006 3116 1063 3174; x_wconf 92' lang='lat' dir='ltr'><strong>aut</strong></span> <span class='ocrx_word' id='word_1_245' title='bbox 1084 3109 1148 3175; x_wconf 90' lang='lat' dir='ltr'><strong>ati·</strong></span> 
     </span>
     <span class='ocr_line' id='line_1_31' title="bbox 55 3209 1227 3297; baseline 0.002 -23"><span class='ocrx_word' id='word_1_246' title='bbox 55 3210 133 3297; x_wconf 85' lang='lat' dir='ltr'><strong>quid</strong></span> <span class='ocrx_word' id='word_1_247' title='bbox 172 3211 248 3276; x_wconf 89' lang='lat' dir='ltr'><strong>tale.</strong></span> <span class='ocrx_word' id='word_1_248' title='bbox 292 3209 481 3296; x_wconf 77' lang='grc' dir='ltr'><strong><em>φιλοκάλων</em></strong></span> <span class='ocrx_word' id='word_1_249' title='bbox 509 3219 619 3278; x_wconf 89' lang='lat' dir='ltr'><strong>autem</strong></span> <span class='ocrx_word' id='word_1_250' title='bbox 652 3218 706 3279; x_wconf 87' lang='lat' dir='ltr'><strong>est</strong></span> <span class='ocrx_word' id='word_1_251' title='bbox 728 3212 849 3297; x_wconf 87' lang='lat' dir='ltr'><strong>optima</strong></span> <span class='ocrx_word' id='word_1_252' title='bbox 882 3218 917 3276; x_wconf 90' lang='lat' dir='ltr'><strong>et</strong></span> <span class='ocrx_word' id='word_1_253' title='bbox 947 3209 1147 3276; x_wconf 85' lang='lat' dir='ltr'><strong>nobilissima</strong></span> <span class='ocrx_word' id='word_1_254' title='bbox 1223 3254 1227 3259; x_wconf 93' lang='lat'>-</span> 
     </span>
     <span class='ocr_line' id='line_1_32' title="bbox 53 3310 1148 3399; baseline 0.001 -22"><span class='ocrx_word' id='word_1_255' title='bbox 53 3310 208 3396; x_wconf 85' lang='lat' dir='ltr'><strong>exempta</strong></span> <span class='ocrx_word' id='word_1_256' title='bbox 230 3311 272 3377; x_wconf 89' lang='lat' dir='ltr'><strong>ad</strong></span> <span class='ocrx_word' id='word_1_257' title='bbox 293 3313 482 3378; x_wconf 84' lang='lat' dir='ltr'><strong>imitandum</strong></span> <span class='ocrx_word' id='word_1_258' title='bbox 512 3314 587 3379; x_wconf 88' lang='lat' dir='ltr'><strong>aliis</strong></span> <span class='ocrx_word' id='word_1_259' title='bbox 617 3331 823 3399; x_wconf 84' lang='lat' dir='ltr'><strong>proponere,</strong></span> <span class='ocrx_word' id='word_1_260' title='bbox 865 3331 930 3378; x_wconf 87' lang='lat' dir='ltr'><strong>uua</strong></span> <span class='ocrx_word' id='word_1_261' title='bbox 957 3317 1082 3382; x_wconf 87' lang='lat' dir='ltr'><strong>temere</strong></span> <span class='ocrx_word' id='word_1_262' title='bbox 1108 3330 1148 3378; x_wconf 88' lang='lat' dir='ltr'><strong>se</strong></span> 
     </span>
     <span class='ocr_line' id='line_1_33' title="bbox 54 3410 1147 3503; baseline 0.001 -28"><span class='ocrx_word' id='word_1_263' title='bbox 54 3411 167 3497; x_wconf 82' lang='lat' dir='ltr'><strong>ipsos,</strong></span> <span class='ocrx_word' id='word_1_264' title='bbox 189 3431 294 3499; x_wconf 85' lang='lat' dir='ltr'><strong>neque</strong></span> <span class='ocrx_word' id='word_1_265' title='bbox 317 3412 481 3498; x_wconf 81' lang='lat' dir='ltr'><strong>semper.“</strong></span> <span class='ocrx_word' id='word_1_266' title='bbox 523 3417 714 3503; x_wconf 80' lang='lat' dir='ltr'><strong>Anonyuus</strong></span> <span class='ocrx_word' id='word_1_267' title='bbox 736 3415 876 3497; x_wconf 82' lang='lat' dir='ltr'><strong>conjecit</strong></span> <span class='ocrx_word' id='word_1_268' title='bbox 902 3413 1018 3497; x_wconf 81' lang='grc' dir='ltr'><strong><em>βελτίω</em></strong></span> <span class='ocrx_word' id='word_1_269' title='bbox 1046 3410 1147 3477; x_wconf 63' lang='grc' dir='ltr'><strong><em>αὑτὸν</em></strong></span> 
     </span>
     <span class='ocr_line' id='line_1_34' title="bbox 53 3509 1186 3599; baseline 0.002 -24"><span class='ocrx_word' id='word_1_270' title='bbox 53 3509 235 3599; x_wconf 75' lang='grc' dir='ltr'><strong><em>ἡγεῖσθαι,</em></strong></span> <span class='ocrx_word' id='word_1_271' title='bbox 255 3514 415 3599; x_wconf 86' lang='lat' dir='ltr'><strong>probante</strong></span> <span class='ocrx_word' id='word_1_272' title='bbox 438 3510 562 3580; x_wconf 82' lang='lat' dir='ltr'><strong>Soleae</strong></span> <span class='ocrx_word' id='word_1_273' title='bbox 585 3520 620 3580; x_wconf 92' lang='lat' dir='ltr'><strong>et</strong></span> <span class='ocrx_word' id='word_1_274' title='bbox 641 3513 835 3581; x_wconf 84' lang='lat' dir='ltr'><strong>Schaesero.</strong></span> <span class='ocrx_word' id='word_1_275' title='bbox 871 3514 1038 3579; x_wconf 70' lang='lat' dir='ltr'><strong>⁴Reishius</strong></span> <span class='ocrx_word' id='word_1_276' title='bbox 1056 3513 1147 3578; x_wconf 86' lang='lat' dir='ltr'><strong>dedit</strong></span> <span class='ocrx_word' id='word_1_277' title='bbox 1183 3547 1186 3551; x_wconf 93' lang='lat'>·</span> 
     </span>
     <span class='ocr_line' id='line_1_35' title="bbox 51 3612 1147 3700; baseline 0 -23"><span class='ocrx_word' id='word_1_278' title='bbox 51 3612 225 3697; x_wconf 73' lang='grc' dir='ltr'><strong><em>βελτίστου</em></strong></span> <span class='ocrx_word' id='word_1_279' title='bbox 246 3635 304 3699; x_wconf 90' lang='lat' dir='ltr'><strong>pro</strong></span> <span class='ocrx_word' id='word_1_280' title='bbox 325 3615 492 3697; x_wconf 81' lang='grc' dir='ltr'><strong><em>βέλτιστοι</em></strong></span> <span class='ocrx_word' id='word_1_281' title='bbox 514 3613 680 3694; x_wconf 73' lang='lat' dir='ltr'><strong>„laudis</strong></span> <span class='ocrx_word' id='word_1_282' title='bbox 703 3617 903 3700; x_wconf 83' lang='lat' dir='ltr'><strong>cujusque</strong></span> <span class='ocrx_word' id='word_1_283' title='bbox 932 3615 1147 3699; x_wconf 82' lang='lat' dir='ltr'><strong>priucipa-</strong></span> 
     </span>
     <span class='ocr_line' id='line_1_36' title="bbox 52 3713 1146 3800; baseline 0 -22"><span class='ocrx_word' id='word_1_284' title='bbox 52 3719 134 3778; x_wconf 88' lang='lat' dir='ltr'><strong>tum</strong></span> <span class='ocrx_word' id='word_1_285' title='bbox 156 3721 377 3798; x_wconf 86' lang='lat' dir='ltr'><strong>appetere,</strong></span> <span class='ocrx_word' id='word_1_286' title='bbox 421 3714 534 3781; x_wconf 87' lang='lat' dir='ltr'><strong>velie</strong></span> <span class='ocrx_word' id='word_1_287' title='bbox 555 3714 707 3800; x_wconf 85' lang='lat' dir='ltr'><strong>primus</strong></span> <span class='ocrx_word' id='word_1_288' title='bbox 729 3713 877 3780; x_wconf 86' lang='lat' dir='ltr'><strong>haberi</strong></span> <span class='ocrx_word' id='word_1_289' title='bbox 897 3714 940 3779; x_wconf 90' lang='lat' dir='ltr'><strong>iu</strong></span> <span class='ocrx_word' id='word_1_290' title='bbox 961 3732 1146 3800; x_wconf 84' lang='lat' dir='ltr'><strong>quaeun-</strong></span> 
     </span>
     <span class='ocr_line' id='line_1_37' title="bbox 51 3808 1145 3903; baseline -0.004 -22"><span class='ocrx_word' id='word_1_291' title='bbox 51 3834 130 3903; x_wconf 82' lang='lat' dir='ltr'><strong>que</strong></span> <span class='ocrx_word' id='word_1_292' title='bbox 150 3833 303 3898; x_wconf 87' lang='lat' dir='ltr'><strong>genere</strong></span> <span class='ocrx_word' id='word_1_293' title='bbox 324 3808 536 3883; x_wconf 84' lang='lat' dir='ltr'><strong>virtutis.“</strong></span> <span class='ocrx_word' id='word_1_294' title='bbox 575 3811 756 3897; x_wconf 72' lang='grc' dir='ltr'><strong><em>Ἡγεῖσθαι</em></strong></span> <span class='ocrx_word' id='word_1_295' title='bbox 777 3820 894 3882; x_wconf 82' lang='lat' dir='ltr'><strong>censet</strong></span> <span class='ocrx_word' id='word_1_296' title='bbox 915 3814 1043 3897; x_wconf 83' lang='lat' dir='ltr'><strong>hieuou</strong></span> <span class='ocrx_word' id='word_1_297' title='bbox 1060 3812 1145 3878; x_wconf 84' lang='lat' dir='ltr'><strong>idem</strong></span> 
     </span>
     <span class='ocr_line' id='line_1_38' title="bbox 51 3907 1146 4004; baseline -0.008 -20"><span class='ocrx_word' id='word_1_298' title='bbox 51 3916 171 3984; x_wconf 86' lang='lat' dir='ltr'><strong>valere</strong></span> <span class='ocrx_word' id='word_1_299' title='bbox 193 3922 293 4002; x_wconf 87' lang='lat' dir='ltr'><strong>atque</strong></span> <span class='ocrx_word' id='word_1_300' title='bbox 314 3917 470 3998; x_wconf 76' lang='grc' dir='ltr'><strong><em>νομιζειν,</em></strong></span> <span class='ocrx_word' id='word_1_301' title='bbox 493 3917 553 3984; x_wconf 84' lang='lat' dir='ltr'><strong>sed</strong></span> <span class='ocrx_word' id='word_1_302' title='bbox 575 3915 740 4004; x_wconf 76' lang='grc' dir='ltr'><strong><em>ἄρχειν,</em></strong></span> <span class='ocrx_word' id='word_1_303' title='bbox 771 3909 946 3996; x_wconf 74' lang='grc' dir='ltr'><em>ἡγεμών,</em></span> <span class='ocrx_word' id='word_1_304' title='bbox 965 3907 1146 3997; x_wconf 76' lang='grc' dir='ltr'><em>ἀρχηγὸς</em></span> 
     </span>
     <span class='ocr_line' id='line_1_39' title="bbox 49 4013 1147 4104; baseline -0.001 -22"><span class='ocrx_word' id='word_1_305' title='bbox 49 4014 181 4094; x_wconf 73' lang='grc' dir='ltr'><strong><em>εἶναι,</em></strong></span> <span class='ocrx_word' id='word_1_306' title='bbox 205 4017 356 4102; x_wconf 88' lang='lat' dir='ltr'><strong>primus</strong></span> <span class='ocrx_word' id='word_1_307' title='bbox 378 4017 578 4104; x_wconf 83' lang='lat' dir='ltr'><strong>exempli,</strong></span> <span class='ocrx_word' id='word_1_308' title='bbox 600 4015 813 4095; x_wconf 85' lang='lat' dir='ltr'><strong>instituti,</strong></span> <span class='ocrx_word' id='word_1_309' title='bbox 840 4013 981 4100; x_wconf 80' lang='lat' dir='ltr'><strong>coepti</strong></span> <span class='ocrx_word' id='word_1_310' title='bbox 1002 4015 1147 4081; x_wconf 79' lang='lat' dir='ltr'><strong>auctor</strong></span> 
     </span>
    </p>
   </div>
   <div class='ocr_carea' id='block_1_5' title="bbox 0 0 1294 4514">
    <p class='ocr_par' dir='ltr' id='par_1_7' title="bbox 0 0 1294 4514">
     <span class='ocr_line' id='line_1_40' title="bbox 0 0 1294 4514; baseline 0 0"><span class='ocrx_word' id='word_1_311' title='bbox 0 0 1294 4514; x_wconf 95' lang='lat' dir='ltr'><strong> </strong></span> 
     </span>
    </p>
   </div>
  </div>
 </body>
</html>
