2564 4508
555 151 596 166 -—
663 115 729 183 376
798 154 831 169 -

151 282 352 351 Schaelerus
376 285 534 371 probante
554 286 678 353 Solane
700 292 735 353 ct
755 285 1006 368 Sclroemanno‚
1051 278 1226 373 deltarum

149 404 215 451 non
236 387 371 470 recepit,
391 389 508 470 μικροῦ
530 386 621 453 dedit
643 405 701 471 pro
730 386 887 469 vulgato
884 382 967 466 perd
986 382 1112 469 μικρὸν.
1143 386 1226 453 vulo

149 482 231 565 μετὰ
252 487 406 552 omittens
425 484 540 572 μικρὸν
563 488 648 565 vult,
678 486 761 571 quod
784 483 909 551 Coraes
929 485 1090 555 adscivit
1118 484 1248 571 prola·[

149 591 215 649 tum
229 585 399 653 aMureto.
409 587 510 663 Mos.
528 588 673 653 Salanus
688 587 873 671 suspicatur
885 587 983 652 ctiam
997 583 1090 671 παρὰ
1109 582 1227 671 μικρὸν.

149 685 197 747 Α1
218 704 281 768 ego
301 686 384 767 perd
405 687 521 776 μικρὸν
541 687 744 753 retinendum
765 705 844 752 esse
871 706 1000 753 censeo.
1021 688 1229 753 sententiam·

151 804 214 870 que
243 787 327 853 hanc
354 807 432 853 esse
458 796 560 873 puto:
603 804 716 874 quem
745 789 966 872 oportebat
997 786 1089 874 (tom
1119 794 1230 873 potem

151 882 246 975 erat)
269 888 389 953 lrrevi
415 895 600 974 tempore
622 896 712 955 toto
734 888 1029 972 Peloponneso
1057 908 1133 955 nno
1163 888 1229 955 in-

150 992 248 1070 petu
269 989 405 1073 potiri.
451 988 516 1053 Pro
537 1013 569 1052 τι
592 996 666 1073 post
687 986 769 1069 ὁμοῦ
789 990 824 1052 in
843 987 947 1071 Sang.
970 994 1006 1053 et
1023 987 1109 1053 Pal.-
1122 988 1163 1053 l).
1176 992 1232 1055 eal

150 1087 191 1168 τῇ
213 1093 247 1151 et
269 1098 345 1172 post
366 1087 618 1167 Πελοποννήσου
639 1089 765 1153 tumul.
791 1087 831 1151 l).
857 1084 1001 1153 additum
1032 1095 1088 1153 est
1116 1086 1238 1174 κρατὴ-

151 1208 231 1272 σας,
261 1188 321 1253 sed
350 1210 463 1255 rursus
485 1190 526 1255 ab
548 1189 619 1255 ead.
643 1208 728 1253 man.
749 1188 899 1275 deletum.
944 1184 983 1253 (l.
1004 1192 1117 1255 XXII.
1145 1186 1234 1261 8111,

152 1305 181 1351 ο.
204 1286 330 1354 Coroes
351 1290 393 1355 de
414 1288 608 1355 suodedit:
650 1291 701 1353 ἐπὶ
721 1286 780 1366 τὴν
799 1290 882 1352 ναῦν
909 1285 1023 1375 ἀχοὶριι
1051 1288 1098 1355 cd
1123 1292 1234 1355 παιδία

149 1390 272 1466 ἔχουσα
295 1410 353 1474 pro
374 1391 509 1473 vulgato
529 1389 567 1455 τὸ
589 1391 728 1469 παιδίον,
752 1390 826 1474 quoia
847 1408 929 1455 sune
949 1408 996 1454 cx
1017 1388 1092 1461 eod.
1115 1396 1235 1477 capel

150 1509 195 1554 ex
217 1509 289 1575 cap.
302 1494 490 1557 XXXVIII.
514 1499 606 1576 patet
624 1488 829 1557 Cleomenem
852 1489 961 1573 plures
982 1489 1140 1557 habuisse
1159 1492 1237 1557 lilio·

150 1609 208 1654 ros
230 1596 265 1653 et
285 1590 507 1657 Ptolemaeum
531 1591 718 1675 postulasse
739 1587 845 1672 ὅμηρα
866 1580 948 1664 rodc'
961 1590 1084 1665 areidae
1104 1586 1237 1667 aul-clo

151 1695 282 1770 μητέρα.
327 1693 374 1754 At
396 1689 487 1755 815.
511 1691 542 1755 d.
565 1693 679 1757 iterum
702 1692 733 1755 in
754 1691 848 1754 libris
869 1689 987 1773 legitur
1006 1687 1057 1771 μὴ,
1077 1686 1136 1755 διὰ
1154 1693 1236 1771 ulai·

52 1826 55 1839 ι
152 1791 256 1872 γραῦν
277 1791 334 1852 καὶ
355 1788 543 1875 παιδάριον,
579 1793 631 1855 ubi
653 1791 791 1855 Reiskio
813 1790 973 1855 suadente
995 1788 1236 1857 Columellam
1272 1830 1276 1875 ι

153 1887 311 1972 παιδάρια
327 1888 439 1976 dedit,
459 1890 544 1975 quod
557 1887 806 1957 Senoemannus
826 1891 991 1974 vulgatum
1012 1890 1143 1976 quidem
1160 1892 1237 1957 reli-

152 2009 236 2056 nens
248 1989 414 2074 probavit:
436 1990 584 2055 scribens
606 1988 739 2078 ‚,1bi(c.
754 1995 861 2055 XXII.
878 1987 937 2080 e.)
949 1991 1021 2056 lieri
1034 1990 1239 2077 potuisscdi-
1274 1978 1276 1985 ’

153 2090 256 2168 xenis,
278 2096 312 2154 ut
335 2090 450 2174 plurali
471 2110 603 2156 numero
617 2091 812 2155 Plutarchus
830 2097 986 2169 uteretur,
1008 2092 1141 2157 etiamsi
1162 2112 1240 2159 nom

153 2197 278 2255 tautum
300 2191 384 2255 filius
405 2191 795 2277 esset‚·quemadmodam
817 2192 916 2257 etiam
937 2193 1077 2257 Latinos
1100 2192 1241 2279 scripto-

152 2311 210 2356 res
232 2310 455 2377 nonnunqnam
478 2292 579 2357 minus
601 2296 754 2357 accurate
776 2291 935 2357 liberos
953 2282 987 2357 ‘ei
1009 2292 1155 2357 tribuere
1167 2310 1242 2357 eon

153 2399 240 2479 stat,
285 2395 339 2478 qrri
361 2413 426 2459 non
448 2394 559 2458 habuit
581 2394 644 2457 nisi
665 2413 763 2457 unum
783 2388 874 2482 (vid.
898 2391 1073 2457 Ruhnken·
1096 2390 1139 2458 ad
1165 2392 1244 2457 Vel·

153 2495 208 2576 lej.
237 2498 284 2570 ll,
315 2491 404 2583 58.)
432 2495 643 2579 similiterque
672 2492 842 2576 Appianas
871 2490 968 2557 civil.
998 2492 1039 2555 V.
1070 2510 1100 2557 c.
1130 2492 1184 2557 '14
1209 2500 1243 2559 ct

157 2592 217 2659 19.
237 2593 280 2659 τὰ
300 2597 417 2659 παιδία
436 2600 495 2659 τοῦ
514 2593 689 2661 Ἀντωνίου
709 2603 743 2659 ct
763 2589 841 2668 τοὺς
857 2589 1033 2657 Ἀντωνίου
1051 2592 1176 2669 παῖδας
1194 2592 1241 2657 di·-

153 2695 209 2777 eit,
231 2694 315 2779 qnod
337 2693 379 2761 de
402 2716 464 2761 nno
485 2697 621 2763 Antonii
643 2695 708 2759 lilio
728 2692 971 2776 intelligendum
992 2710 1071 2759 csse
1084 2692 1244 2779 interpre-

153 2803 205 2860 tes
226 2796 413 2861 docuerunt
459 2796 556 2859 Nunc
576 2813 657 2860 vero
679 2791 834 2881 (emeap.
856 2796 1050 2877 XXXVIII,
1072 2787 1138 2883 1.)Ι
1149 2810 1245 2891 quun

155 2895 267 2978 plures
302 2895 405 2959 luisse
434 2899 599 2980 apparet,
642 2913 754 2978 parum
787 2894 943 2961 credibile
979 2892 1086 2959 moeri
1124 2898 1244 2978 polest,

154 2995 362 3060 Plutarchum
383 2996 455 3061 veri
476 2996 601 3061 numeri
621 2995 753 3060 oblitum
774 2992 911 3060 luisset
953 2995 1000 3059 At
1028 2992 1150 3078 quidni·
1171 3012 1245 3059 crc-

155 3095 254 3161 dibile
276 3101 345 3179 est,
367 3115 411 3161 ex
433 3096 544 3161 liberis
565 3092 749 3161 Cleomenis
769 3114 865 3159 nnnm
886 3094 988 3160 solnm
1008 3112 1149 3177 enmpue
1170 3110 1246 3178 pne·

156 3218 225 3262 rnm
247 3194 414 3287 (sonasse
435 3196 590 3272 eundem,
617 3197 710 3277 cujus
732 3213 760 3259 e.
779 3198 971 3261 XXXVIII.
996 3193 1031 3257 1.
1055 3197 1091 3257 nt
1113 3194 1246 3276 maioris

158 3304 236 3363 natu
254 3298 373 3362 incutio
393 3293 452 3385 tit)
473 3296 619 3362 olrsidcm'
639 3294 811 3359 deductum
833 3314 912 3358 esse
935 3312 998 3358 nna
1019 3312 1093 3357 cnm
1117 3282 1247 3359 matred

157 3419 263 3485 neque
284 3397 370 3465 aliud
393 3398 469 3483 qnid
491 3416 585 3482 quam
606 3396 703 3471 tilios,
726 3403 761 3459 et
782 3395 811 3459 si
833 3415 926 3459 unum
949 3399 1073 3457 mamm
1095 3394 1246 3477 haberet,

158 3502 244 3565 hunc
273 3499 498 3584 postulaverat
528 3497 745 3563 Ptolemaeus.
798 3490 837 3559 G.
858 3497 1016 3557 XXXIII.
1039 3491 1135 3558 891).
1156 3494 1206 3559 1.
1214 3492 1247 3557 in

158 3602 285 3667 uerbis·
308 3623 365 3664 aar
386 3601 512 3664 πολλῶν
532 3586 572 3675 ἦν
592 3593 726 3661 derodere
745 3588 952 3675 λεγόντων,
936 3616 986 3656 οτι
1007 3581 1109 3669 οὗτος
1129 3590 1149 3659 ὁ
1171 3596 1249 3659 λέων

158 3709 192 3767 ἐν
201 3725 259 3766 τοι
261 3724 329 3776 τοις
344 3711 414 3775 τοῖς
434 3695 610 3783 προβάτοις
624 3694 871 3781 ἀναστρέφεται.
916 3692 1071 3757 lleiskius
1087 3694 1248 3776 conjecit·

159 3801 209 3867 ὅτι
231 3797 309 3884 πρὸς
331 3797 423 3865 οὐδὲν
443 3796 582 3880 ἀγαθὸν
604 3787 699 3870 οὗτος
719 3818 749 3858 κ.
765 3819 794 3858 τ.
811 3797 839 3859 λ.
882 3792 1060 3858 Jacobsios
1074 3793 1119 3859 ad
1136 3792 1272 3875 Philo,

160 3910 252 3968 strat.
276 3897 369 3965 406.
392 3905 424 3973 ἐς
436 3906 471 3963 τί
483 3888 587 3972 οὗτος.
601 3892 619 3961 ὁ
633 3899 661 3961 t.
685 3898 812 3960 Carnes
825 3892 965 3978 denique
978 3900 1173 3978 suspectum
1183 3910 1248 3961 neo

161 4001 388 4071 Plutarclrenm
402 4016 480 4066 esse
494 4006 613 4085 putans
628 3996 728 4062 locum
742 3997 821 4058 λέον
836 3984 930 4070 οὗτος
944 3992 1067 4059 delcds
1077 3990 1130 4083 ὅτι
1149 3992 1246 4079 dlegi
