2580 4514
456 130 730 231 -ὲοτιὲ-

20 341 148 421 ptum
172 331 274 397 luisse
295 347 434 409 censeo,
465 280 549 414 quod
577 327 672 392 saeue
704 335 837 414 poterat
860 330 1023 394 excidere.
1067 329 1147 416 Cap.

43 434 204 499 xxvll.
218 429 279 496 66.
301 450 329 496 c.
349 432 382 496 in
404 431 533 496 verbis·
555 427 701 510 ἄγεσθαι
724 432 779 494 καὶ
800 432 1176 520 αατασχηματιζεοθαι

49 532 173 609 Ιόντας
194 529 273 617 πρὸς
292 528 331 595 τὸ
352 531 461 595 καλόν.
504 529 640 594 Reiskio
670 527 854 594 verbuml'
825 534 934 606 ἐοντας
961 536 1148 617 suspectum

51 642 121 701 est
169 631 319 718 Quaerit,
348 651 421 697 uum
443 629 605 695 redundet
625 636 661 694 ut
683 630 824 713 saepius,
848 650 889 696 au
914 631 1082 716 legendum
1105 635 1159 716 sit·

51 731 186 808 πάντας
207 753 249 815 au
271 729 454 816 λαθόντας,
479 732 572 815 quam
594 730 812 814 suspicionem
828 751 938 815 neque
961 732 1148 816 Leopoldus
1210 732 1213 739 ’

13 848 19 855 ·
54 851 168 918 neque
195 831 397 897 Schaeierus
426 830 675 914 probaverunt„
717 831 764 894 At
792 821 900 905 ἰόντας
929 834 978 896 sic
1006 832 1148 904 additum

56 935 126 998 vim
149 932 329 998 celeritatis
350 937 385 996 et
405 930 545 1014 impetus
567 929 689 1005 habere
708 930 806 994 docet
827 928 1044 997 Zeuuius'ad
1074 933 1146 1015 Vig.

56 1056 90 1120 p.
124 1030 215 1097 349.
258 1028 427 1114 'Scriptor
460 1036 566 1094 autem
594 1032 702 1115 potius
730 1032 823 1095 vult:
867 1034 961 1096 cives
989 1034 1149 1117 exemplis

58 1133 254 1220 praeclaris
265 1130 441 1216 propositis
463 1129 656 1214 paulatim
686 1130 728 1194 ad
751 1132 914 1215 pulchrum
937 1132 1019 1196 drrci.
1054 1136 1149 1218 *Num

58 1235 165 1318 igitur.
182 1233 335 1314 βιοῦντας
357 1230 506 1313 scripsit,
549 1231 571 1294 i.
594 1247 624 1296 e.
655 1249 703 1295 eo
730 1233 839 1317 ipso,
881 1236 982 1316 quod
1004 1233 1058 1297 ihi
1080 1235 1148 1299 vi-

59 1324 252 1399 vunt‘hC.
276 1329 400 1393 XXIX.
426 1328 487 1393 57.
510 1349 540 1394 e.
562 1330 594 1394 in
616 1325 729 1396 verbis
749 1340 859 1415 μέχρις
881 1330 922 1394 ἂν
943 1335 1109 1417 ἐπανέλθῃ
1131 1333 1149 1399 ὁ

20 1462 29 1470 ·
60 1433 255 1513 Λυκοῦργος
276 1429 442 1494 articulum
466 1428 654 1516 deleverim,
676 1440 729 1514 qui
750 1435 785 1495 et
806 1432 839 1494 in
852 1431 923 1523 '¹1⁰⁰
944 1437 978 1497 et
998 1434 1032 1496 iu
1054 1440 1167 1499 ante..
1267 1432 1269 1442 “

61 1532 134 1599 ced.
159 1551 231 1616 cap.
254 1531 387 1613 saepius
408 1549 471 1594 non
494 1535 547 1593 est
568 1528 708 1594 additus.
751 1530 798 1593 lh.
823 1528 885 1595 58.
908 1551 937 1594 a.
961 1552 1019 1616 pro
1039 1532 1148 1620 χρόνῳ

61 1634 141 1698 ἐτῶν
168 1630 386 1705 πεντακοσίων
417 1628 550 1693 Vulcob.
585 1627 716 1715 χρόνοις
745 1629 798 1695 vel
830 1627 956 1710 χρόνων
1002 1635 1149 1716 praebet,

60 1732 215 1815 Bryauns
237 1736 343 1793 autem
364 1727 487 1792 mavult
506 1725 648 1813 χρόνον,
692 1727 776 1814 quod
798 1730 999 1796 Schaelerns
1034 1735 1169 1817 prohat*

61 1839 97 1896 et
118 1829 320 1895 Sintenisius
343 1848 385 1891 ex
408 1825 445 1892 Ο.
468 1830 604 1911 recepit.
635 1829 721 1894 Conl
745 1829 828 1892 lnst.
852 1831 969 1896 Lacon.
992 1851 1021 1897 c.
1043 1834 1149 1898 xnll.

62 1929 145 2015 Cap.
175 1928 298 1992 XXXI.
328 1924 390 1991 59.
419 1947 446 1991 c.
472 1922 747 2012 phler‘il'quidem
774 1930 807 1991 in
836 1919 947 1995 ver-liis
973 1932 1149 2016 μαρτύριον

60 2035 147 2111 μέγα
167 2026 249 2092 εἶναι
279 2027 496 2119 apostrophus
517 2025 682 2110 adhiberi,
713 2045 783 2105 cum
806 2033 913 2090 tamen
938 2029 1027 2091 etin
1051 2029 1092 2092 A.
1115 2036 1150 2094 et

60 2130 95 2193 iu
118 2121 159 2195 C.
182 2125 264 2191 εἶναι
284 2127 437 2207 omissum
460 2127 518 2205 sit,
542 2125 698 2190 concludo
720 2125 781 2190 hoo
803 2125 935 2190 verbum
959 2127 1031 2192 olim
1053 2127 1150 2192 alium

28 2212 168 2294 =locum
191 2227 363 2313 habuisset,
384 2225 527 2291 fortasse
549 2231 626 2308 post
647 2222 835 2304 Εὐριπίδην.
977 2274 979 2278 .
1185 2281 1188 2285 .

146 2327 187 2393 ln
209 2327 367 2390 Numae
381 2327 440 2391 vit.
465 2326 497 2403 1,
519 2322 582 2389 60.
607 2325 636 2389 Ι).
660 2325 693 2387 in
716 2324 842 2388 verbis:
880 2323 922 2388 “A
942 2326 976 2389 dd
997 2324 1149 2410 παρειλή-

62 2450 173 2514 φαμεν
194 2424 271 2504 ἄξια
295 2423 395 2506 λόχου
416 2423 504 2505 ἡμεῖς
525 2427 594 2511 περὶ
615 2425 721 2505 Νομᾶ
742 2421 876 2501 διέξιμεν
897 2426 1003 2488 scribe
1025 2445 1053 2490 c.
1077 2424 1147 2493 eod

64 2523 143 2592 Cf
125 2535 216 2606 ημεῖς
243 2523 321 2603 ἄξια
349 2523 459 2607 λόγου.
502 2524 581 2612 Cap.
609 2523 658 2606 ΙΙ,
687 2521 750 2590 61.
780 2542 810 2590 a.
841 2525 1019 2591 locumtd
1005 2532 1150 2611 ἐνμέρει
1264 2579 1267 2585 ,

62 2629 203 2692 ἕκαστον
232 2637 306 2699 τοῖς
319 2626 501 2710 βασιλικοις
521 2624 724 2709 παρασήμοις
750 2623 1007 2706 κοσμούμενον
997 2624 1094 2690 ίέόοιν
1121 2651 1150 2691 α

62 2730 143 2793 τ.λ
155 2703 385 2811 depravatum
414 2746 491 2794 esse
515 2730 584 2811 jrum
611 2731 727 2792 statuit
754 2726 931 2810 Xylander
991 2725 1150 2813 Equidem
1212 2792 1216 2798 ,
1265 2797 1272 2804 ,

34 2828 201 2910 ¹conjicio
231 2833 306 2912 post
335 2833 421 2912 μέρει
449 2825 548 2892 πένθ’
573 2825 691 2911 ἡμέρας
721 2827 899 2892 excidisse.
951 2826 1025 2891 Vid.
1054 2825 1154 2899 Dion.

63 2929 174 2994 llaiic.
198 2927 248 3013 ΙΙ,
272 2925 336 2991 57.
369 2934 404 2993 et
425 2928 498 2992 biv.
522 2929 555 3006 Ι,
582 2926 643 2994 17.
686 2929 772 2994 Nam
794 2928 921 2992 etiamsi
951 2928 993 2992 de
1019 2947 1150 2995 numero

63 3038 249 3094 senatorum
273 3028 452 3112 scriptores
474 3029 507 3092 in
530 3029 683 3093 diversas
712 3029 832 3093 aheunt
858 3035 971 3112 partes
985 3074 997 3110 ,
1042 3028 1088 3092 ita
1116 3034 1151 3094 ut
1211 3060 1215 3071 ι

63 3129 179 3192 Livius
201 3127 221 3190 l.
245 3127 297 3191 all.
319 3136 457 3206 centum,
480 3127 659 3213 Dionysius
674 3127 843 3206 ducentos,
867 3124 1060 3193 Plutarchus
1075 3146 1150 3193 cen-

63 3237 129 3294 tum
151 3239 185 3291 et
206 3229 437 3314 quinquaginta
464 3228 567 3293 luisse
588 3228 712 3307 tradat,
735 3228 797 3293 hoc
819 3216 936 3308 tamen,
959 3248 1054 3293 unum
1076 3236 1152 3314 post

63 3329 160 3393 alium
183 3329 288 3412 quinis
310 3328 425 3392 diebus
453 3329 592 3412 iusignia
620 3329 712 3412 regia
740 3329 888 3394 tenuisse
915 3331 1104 3395 necessarie
1131 3344 1152 3395 a

63 3427 240 3493 Plutarcho
268 3428 450 3493 addendum
479 3428 556 3509 luit,
601 3446 707 3512 neque
728 3447 800 3493 eum
822 3429 883 3493 hoc
904 3429 1078 3512 ignorasse
1099 3435 1173 3503 est¹

66 3522 232 3595 credibile.
278 3524 314 3592 C.
330 3528 390 3592 ΙΙΙ.
414 3525 476 3592 61.
500 3546 529 3594 e.
553 3529 586 3592 in
606 3524 664 3605 τὴν
684 3529 744 3592 τοῦ
765 3525 881 3610 ἀνδρὸς
903 3526 1034 3591 ἰδιώτου
1060 3527 1156 3604 ὄντος

63 3626 284 3711 ἡσυχίανρέο
307 3625 438 3692 ἰδιώτου
459 3626 552 3703 ὄντος
579 3627 722 3691 fortasse
751 3624 971 3702 Ιόαοτεύοντος
998 3627 1152 3712 scriplum

63 3729 134 3794 luit.
181 3727 217 3791 6.
242 3727 315 3790 Vll.
341 3724 404 3794 64.
418 3729 448 3796 b..
470 3725 594 3793 Coraes
616 3745 636 3791 e
658 3728 843 3809 oonJ'ectura
856 3724 1022 3813 clavigeri
1044 3728 1153 3814 dedite

61 3836 175 3915 μέχρις
196 3815 235 3889 οὖ
257 3825 493 3913 προύφάνησαν
516 3825 647 3914 ὄρνιθές
668 3824 799 3909 ἀγαθοὶ
820 3827 875 3890 καὶ
898 3825 993 3906 δεξιοὶ
1021 3832 1154 3903 ἐπέπτη-

61 3952 133 3993 σαν.
146 3927 158 3935 ”
180 3927 285 4009 Vulgo
307 3947 365 4012 pro
388 3927 564 4005 ἐπέπτησαν
586 3927 706 3993 habent
726 3932 917 4011 tortuosorum.
965 3925 1097 3990 Vulcob.
1119 3932 1155 3991 et

63 4028 135 4094 cod.
165 4027 285 4094 Petav.
315 4019 588 4114 καΐέπέτροψαν.
623 4025 752 4109 heiste.
782 4027 965 4109 suspicatur
994 4024 1025 4090 ol
1054 4031 1155 4116 ἐπέτρ.

907 4128 947 4191 21
