2580 4514
480 68 753 180 -ῥιυυ-
840 162 889 202 ,.

65 284 154 352 cturi
191 283 273 350 sint·
293 281 527 353 Athenienses.
585 279 822 366 Coujunctivus
856 292 964 354 sutem
999 306 1065 355 non
1104 291 1158 357 os-

67 384 201 464 tendet,
243 402 314 449 oum
341 381 384 448 ud
411 378 547 469 γράψας
577 384 620 449 sit
647 381 747 467 νόμον
767 387 978 473 supplendum
1006 388 1027 458 1.
1050 407 1080 455 e.
1103 391 1169 458 111-1

68 505 164 571 gem,
194 502 277 571 quse
293 485 395 568 jubet
439 482 531 564 Quae
552 504 623 551 cum
644 487 691 552 ito
712 488 796 567 siut,
824 497 915 555 certe
937 508 1060 557 commu
1080 500 1157 578 post

32 674 35 678 Ι
69 585 169 664 ἀτελῆ
198 586 260 651 erit
279 582 484 672 delendum,
525 584 648 652 rectius
685 592 793 653 tumen
822 591 921 655 etium
952 586 1050 670 ἀτελῆ
1081 602 1157 678 post

67 695 297 772 προσέγραψεν
318 680 535 767 collocabitur.
579 687 653 752 Non
675 688 779 753 minus
801 689 902 756 sedes
917 679 1087 756 verborum
1101 699 1156 760 est

67 788 223 854 mutando
245 785 336 874 5⁰3,
360 783 449 850 152.
472 787 524 852 ubi
546 794 630 853 nunc
654 788 788 873 legitur:
809 788 854 872 μὴ
875 789 992 870 ἐξεῖναι
1013 789 1073 858 ὑπὸ
1095 795 1156 861 τοῦ

67 886 174 972 δῆμον
192 889 468 973 χειροτονηθέντα
488 890 597 954 πλεῖον
617 887 637 967 ἢ
658 885 747 970 ἅπαξ
767 892 967 969 συνδικῆσαι,
989 911 1060 959 cum
1076 895 1154 962 unte
1178 928 1181 938 ·

67 989 257 1056 Bekkerum
277 989 309 1054 in
332 985 477 1055 omnibus
497 989 589 1054 libris
610 995 644 1055 et
664 989 698 1055 in
719 990 828 1056 Bekk.
843 988 981 1056 FKstv.
998 993 1154 1079 scriptuni
1239 978 1241 985 ’
1275 1068 1279 1081 .

65 1091 129 1157 sit:
151 1089 196 1173 μὴ
216 1088 342 1169 ἐξεῖναί
352 1090 627 1173 χειροτονηθέντα
648 1089 1069 1181 (111111.χειροτονηθένθ’)
1091 1091 1153 1159 ἀπὸ

65 1198 125 1258 τοῦ
148 1190 248 1274 δῆμον
267 1213 296 1254 α.
317 1214 345 1255 τ.
365 1192 394 1254 λ.

154 1290 283 1379 Sequor
305 1290 448 1357 codicem
471 1291 621 1377 optimum
634 1289 683 1356 Σ.
706 1293 761 1377 qui
782 1287 875 1369 499,
903 1290 992 1358 140.
1013 1293 1048 1359 in
1070 1288 1163 1361 ver?

65 1395 136 1461 his:
158 1389 235 1458 ὅτου
247 1395 436 1479 πορρωτέρω
449 1393 536 1456 ἐστὶν
550 1411 608 1477 prb
622 1394 812 1478 πορρωτέρω
827 1393 925 1459 habet
940 1389 1152 1478 πορρώτερον,

63 1495 199 1561 formum
226 1493 356 1580 quidem
375 1493 620 1558 insolentiorem
630 1512 767 1579 ‚quom
790 1498 898 1558 tomen
922 1493 1152 1562 Antiatticistu

64 1615 109 1663 ex
124 1593 348 1660 Demosthene
363 1599 398 1660 et
418 1597 466 1659 uti
487 1594 628 1674 videtur,
651 1613 695 1659 ex
716 1593 778 1660 hoc
800 1594 873 1679 ipso
894 1594 966 1661 ioco
988 1598 1093 1682 offert,
1116 1615 1149 1661 v.

61 1696 187 1763 Buttm.
209 1695 268 1761 Gr.
290 1714 340 1780 gr.
364 1695 449 1782 1,p.
472 1692 563 1759 1171.

149 1795 242 1878 Quue
262 1799 390 1860 restunt
411 1801 584 1881 praeterea
606 1795 788 1880 hujusmodi
809 1796 890 1863 vitiu
911 1804 1081 1884 uutpausu
1095 1808 1153 1866 eut

57 1899 127 1966 elio
150 1895 244 1962 modo
266 1903 403 1982 possunt
423 1898 575 1962 excusari
593 1904 653 1963 out
673 1897 799 1962 mutori.
842 1897 999 1986 1111457,
1023 1898 1058 1964 1.
1079 1899 1152 1965 εἶτα

57 2002 120 2067 καί
132 2022 193 2065 του
178 1994 368 2074 παιὸὀς”
334 2020 440 2062 conexu
452 1993 540 2088 (scr.
555 2017 582 2063 c.
591 1997 639 2064 K.
654 1992 771 2086 ἕνεκα)
790 2022 850 2063 του
835 1999 1014 2084 Χαβρίου
1025 1997 1151 2082 ωμολό-
1211 2078 1213 2083 ¹

56 2123 151 2185 γησα
164 2097 308 2176 τούτοις,
330 2103 406 2182 post
429 2099 582 2184 Χαβρίου
604 2118 671 2165 vox
693 2099 862 2188 subsistit,
885 2101 970 2166 unde
991 2101 1151 2168 Reiskius

57 2200 275 2287 interpunxit.
298 2198 336 2262 ln
350 2199 393 2263 iis
406 2217 490 2285 quoe
504 2205 683 2285 sequuntur
704 2198 740 2266 2.
762 2207 797 2266 έν
810 2201 868 2283 μὲν
878 2197 943 2286 γάρ
958 2201 1005 2285 τῆ
1018 2203 1150 2288 γράψαι

56 2297 164 2385 μηδέν’
182 2297 265 2364 εἶναι
277 2296 374 2376 ἀτελῆ
388 2297 463 2376 τοὺς
481 2303 617 2378 ἔχοντας
630 2297 782 2387 ἀφείλετο
799 2299 858 2380 τὴν
870 2298 1037 2381 ἀτέλειαν,
1058 2308 1092 2367 έν
1112 2305 1148 2368 ἀὲ

56 2403 107 2486 τῷ
122 2396 337 2486 προσγράψαι
349 2401 428 2483 μηδὲ
439 2397 477 2465 τὸ
491 2397 604 2466 λοιπὸν
618 2399 736 2480 έξεῖναι
757 2404 871 2468 δοῦναι
884 2399 967 2485 ὑμᾶς
979 2399 1017 2467 τὸ
1032 2403 1148 2468 δοῦναι

56 2499 138 2584 ὑμῖν
158 2496 292 2580 ἐξεῖναι,
314 2520 378 2566 non
394 2501 547 2569 offendes
569 2501 707 2568 ἰο-εἶναι
729 2499 826 2583 ἀτελῆ
848 2521 892 2568 ex
914 2504 1026 2569 cnusis
1048 2521 1149 2589 supra
1251 2566 1258 2593 ¹

55 2603 186 2682 allatis,
214 2621 321 2689 neque
349 2603 383 2667 in
405 2603 518 2667 δοῦναι
539 2600 640 2684 ὑμάς,
672 2623 748 2671 uam
766 2605 854 2671 inter
874 2605 988 2692 δοῦναι
1009 2610 1045 2669 et
1064 2600 1149 2684 ὑμᾶς

55 2702 147 2792 quod
167 2722 239 2769 cum
259 2701 410 2790 ἀφείλετο
432 2703 620 2769 struendum
641 2709 712 2783 est,
732 2722 800 2768 vox
822 2703 978 2788 quiescit,
1000 2703 1147 2770 offendes
1171 2694 1175 2703 “

55 2814 186 2882 nmen,
206 2805 237 2870 si
261 2805 417 2871 vocniium
440 2823 631 2871 concursum
653 2811 803 2892 spectas,
824 2805 857 2869 iu
879 2799 1030 2870 δοῦναι
1014 2813 1090 2886 υμῖν
1112 2810 1149 2872 et

56 2906 98 2971 F.
123 2907 165 2971 A
188 2905 331 2972 Wolfius
353 2907 454 2972 verba
475 2903 627 2971 dodum
611 2917 687 2988 υμιν
715 2907 840 2974 delevit
869 2925 939 2972 cum
961 2901 1083 2991 0bsop.
1112 2911 1149 2972 et

58 3007 165 3074 Wolf.
210 3009 256 3073 At
284 3006 348 3072 id
339 3027 480 3093 ipsum
467 3007 595 3072 etium
586 3027 620 3072 111
640 3008 699 3094 iis,
728 3003 866 3095 quoess.
889 3005 927 3072 4.
951 2988 1147 3092 sequuntur.
1226 3090 1228 3094 ‚

56 3103 277 3194 ἀφαιρήσεται
297 3105 336 3172 τὸ
357 3105 524 3196 κυρίους
507 3110 590 3190 ημᾶς
611 3106 711 3188 εἶναι,
733 3114 829 3193 urget
850 3115 972 3194 uratur,
996 3106 1081 3192 quod
1102 3125 1146 3172 ex

54 3209 134 3295 lege
153 3207 212 3273 11111
234 3209 490 3275 Atheniensibus
511 3229 576 3275 nou
597 3209 735 3295 amplius
756 3213 906 3295 potestus
928 3209 973 3273 sit
994 3207 1148 3296 donandi,

55 3310 91 3374 in
111 3328 174 3394 quo
196 3328 261 3374 non
284 3316 435 3396 poterunt
457 3331 521 3376 non
543 3290 795 3377 Atheniensium
815 3310 912 3376 animi
932 3311 1073 3375 maxime
1094 3308 1146 3373 oi-

54 3408 202 3477 iendere
253 3408 293 3476 Si
320 3412 418 3496 igitur
446 3410 522 3497 quid
552 3411 741 3490 delendum,
769 3413 878 3498 potius
906 3430 977 3477 oum
1004 3409 1146 3475 Reishio

54 3509 211 3577 Aldinom
232 3519 345 3579 secuto
368 3513 457 3599 prius
479 3513 591 3577 δοῦναι
620 3518 714 3578 esset
740 3510 924 3579 delendum
968 3510 1015 3575 At
1043 3511 1077 3574 in
1105 3528 1146 3576 eu

53 3631 122 3678 nou
143 3612 249 3679 minus
270 3614 324 3680 vis
346 3610 504 3701 quaedum
526 3617 578 3678 est
598 3613 717 3698 positu,
739 3612 823 3699 quod
845 3631 898 3680 ue
905 3609 1146 3697 dnudiqnidem
1236 3610 1243 3617 ’

52 3718 207 3813 potestus
243 3704 381 3800 amptius
411 3713 667 3780 Atheniensibus
704 3714 749 3778 sit
783 3731 966 3797 concesse,
1006 3724 1145 3798 eumque

50 3818 159 3902 ipsum
180 3816 378 3902 gravitatem
392 3816 533 3902 scriptor
546 3816 616 3902 περὶ
633 3818 807 3902 ἑρμηνείας,
828 3812 1030 3900 Demetrius,
1051 3829 1145 3898 quem

49 3915 99 3983 11
120 3916 278 3984 Antonini
299 3917 498 4004 temporibus
518 3917 646 3984 vixisse
667 3915 819 4000 probavit
831 3913 1012 3985 Wutzius
1002 3933 1036 3978 m
1049 3911 1145 3976 Rhe-

52 4025 116 4085 tor.
140 4017 201 4085 ur.
225 4018 290 4097 1Χ,
312 4017 465 4103 Prolegg.
488 4017 617 4104 1-1Χ.,
640 4015 856 4102 deprehendit
877 4012 968 4082 257.
991 4013 1044 4079 his
1066 4028 1147 4080 ver-
