2580 4514
453 164 495 180 -
557 130 619 196 rol
683 162 727 179 -··

69 299 143 368 edit.
186 297 292 383 Vulgo
325 295 410 366 enim
437 294 496 378 τὴν
521 300 603 364 νοῦν
629 298 781 384 ignorent
807 300 931 384 etpro
955 295 1130 386 Ἀφροδίτη

69 405 203 469 Ι’τέλεσσεν
224 399 409 466 exhibent:
451 396 510 478 τὴν
528 397 726 487 Ἀφροδίτην
742 395 898 479 κελεύσω,
940 399 1025 485 quod
1053 400 1131 470 ferri

69 509 174 588 otest,
203 501 233 566 si
256 501 497 586 postremitate
518 499 611 566 deles
633 501 667 566 dd
688 506 723 566 et
742 499 1033 585 interpunctionem
1053 505 1131 586 post

69 607 213 683 ιχίστην,
258 608 294 666 ut
321 603 487 667 sententie
509 602 574 665 sit:
618 601 798 668 credens
824 600 1024 667 Venerem
1047 600 1130 667 sibi

69 710 241 770 rneturo
269 701 338 766 scil.
361 721 479 766 navem
500 700 708 781 mundare,
750 707 792 766 ot
820 719 970 786 equom
996 718 1129 787 neque

69 803 150 870 liud
174 801 515 896 quidsimportans
535 804 706 887 naviget
727 802 945 868 celerrime
965 800 1130 868 etdeinde

69 912 222 990 ergntorz
266 904 322 967 καὶ
342 899 425 966 πολύ
447 899 474 984 y'
499 899 777 990 dempeodepruoe:
792 909 835 969 ct
856 903 1017 968 multam
1037 902 1131 989 qui-

71 1026 131 1073 em
153 1023 295 1090 equam
323 1003 553 1088 importans
578 1023 761 1070 ancoras
790 1005 924 1070 solvit.
954 1001 1034 1070 Cod.
1055 1003 1128 1070 Pet

69 1109 126 1173 uim
148 1125 212 1172 non
234 1104 319 1169 male
338 1123 399 1188 pro
422 1101 604 1182 ἐξέπλευσεν
625 1105 764 1170 exhibet.
777 1103 931 1184 ἐξέλυσεν.
973 1105 1021 1187 lb.
1039 1101 1130 1170 303.

69 1256 72 1272 .
95 1213 204 1273 nutem
225 1206 259 1270 in
276 1205 392 1270 uerbis
413 1209 566 1290 φοιίνετνιι
587 1201 649 1282 οὐχ
670 1205 727 1269 ἕνα
747 1209 919 1271 τιλσντισνιι
940 1204 1047 1271 hiatus
1067 1205 1131 1270 mi-

69 1329 100 1375 rs
123 1307 275 1392 offendit,
305 1305 453 1390 quoniam
475 1325 580 1389 pensu
601 1310 677 1392 post
697 1310 849 1390 φιιίνετοιι
871 1312 935 1371 est.
981 1303 1019 1371 C.
1041 1305 1129 1370 LVI.
1224 1316 1227 1321 '

69 1408 133 1474 ⁰3.
157 1428 186 1474 e.
209 1406 346 1491 denique
367 1406 399 1471 in
422 1406 551 1471 verbis:
592 1409 658 1470 τῶν
679 1406 713 1470 δὲ
734 1407 964 1492 φονευθέντων
993 1403 1129 1471 ἀποθω-

69 1519 106 1574 iv
127 1509 209 1583 τινὲς
228 1509 378 1588 λέγονται
399 1508 469 1586 περὶ
490 1502 528 1570 τὸ
551 1503 686 1585 Φλοιὸν,
720 1509 777 1571 τιυὶ
799 1504 841 1571 τὰ
862 1505 946 1572 doro}
966 1508 1129 1572 δείκνυται

69 1606 158 1673 ιἰτων.
181 1604 298 1672 omnes
314 1605 389 1669 libri
413 1601 512 1694 [Ald.
529 1605 607 1669 Bes.
629 1613 664 1672 et
686 1607 758 1672 cod.
778 1608 810 1672 in
832 1607 898 1672 ind.
925 1602 1026 1697 Ver.)
1047 1626 1130 1672 eon·

69 1709 186 1774 tntiunl
208 1702 342 1791 φάντων
363 1704 560 1770 exhibentes
582 1726 640 1790 pro
662 1709 909 1792 φονευθέντων,
936 1707 1021 1794 quod
1050 1707 1131 1774 Ste-

69 1810 170 1874 ionus
192 1806 313 1891 primus
336 1803 456 1896 edidit3
498 1805 532 1870 in
555 1808 627 1873 solo
641 1807 692 1875 Ε.
715 1814 769 1874 est
799 1826 873 1887 cpe.
902 1821 974 1867 cum
1003 1803 1129 1878 11111111.

72 1914 88 1972 t
110 1906 340 1992 φονευθέντων
361 1924 404 1970 ne
420 1905 563 1984 intelligi
586 1904 714 1987 quidem
735 1908 855 1988 potest,
876 1920 948 1967 cum
963 1901 1011 1968 'de
1024 1902 1131 1967 Ama·
1183 1944 1185 1949 -

69 2003 196 2086 onibus,
223 2003 372 2084 ergode
403 2001 531 2069 leminis
558 2020 666 2068 sermo
693 2003 747 2066 sit
798 2001 929 2069 Deinde
956 1999 1033 2086 quid
1068 1998 1130 2064 hoc

69 2109 111 2169 rte
156 2102 332 2166 occisorum
355 2101 471 2164 mortui
493 2120 570 2167 esse
592 2108 648 2167 out
677 2103 707 2166 si
733 2108 840 2165 mutus
867 2120 973 2187 genus
1000 2098 1131 2166 occiso·

69 2224 110 2269 rm
131 2209 277 2267 mortuae
307 2198 463 2286 quaedam
491 2201 640 2293 dicuntur
667 2201 755 2266 circu
782 2191 971 2268 Phloeuml
1013 2199 1131 2267 Scribe

69 2305 149 2370 otius
175 2306 240 2367 τῶν
262 2302 296 2364 δὲ
317 2301 531 2386 φθωσνσωνι
573 2319 683 2366 eurum
705 2319 790 2385 quae
811 2301 1007 2384 aufugerant
1027 2305 1063 2364 et
1086 2299 1129 2366 cs.

69 2424 85 2470 1(
105 2401 255 2488 Xcrloplr.
276 2399 396 2487 Cyrop.
420 2401 467 2488 V,
488 2398 528 2486 4,·
547 2397 595 2480 4.,
617 2400 672 2464 ubi
693 2397 726 2463 οἳ
746 2396 942 2485 φθάσαντες
963 2399 1063 2465 etiem
1084 2398 1130 2465 le-

69 2507 131 2570 ltur
156 2502 259 2569 verbo
287 2502 350 2567 olio
379 2521 442 2567 non
474 2499 599 2580 addito,
641 2520 683 2567 ee
711 2501 746 2566 vi
775 2500 897 2566 utsii:
940 2498 1008 2585 qui
1037 2498 1130 2583 lugu

69 2608 367 2671 reevenercnt.
433 2601 500 2666 Pro
535 2597 579 2666 τὰ
606 2598 691 2665 ὀστᾶ
723 2601 887 2665 doctricem
921 2606 1029 2665 cutem
1058 2617 1130 2665 cnm

69 2724 143 2773 uru.
155 2702 305 2786 etBong.
327 2698 371 2766 τολ
392 2698 476 2766 ὀστιὶ
495 2703 690 2767 δείκνυσθαι
706 2704 760 2766 est
774 2701 987 2773 scribendum,
1010 2699 1130 2765 omisso

69 2803 159 2877 ῡτώυ,
175 2801 265 2890 ¹qnod
280 2803 428 2888 genitivo
450 2804 515 2867 τών
534 2803 727 2889 φθωσοσών
744 2801 964 2888 praecedente
978 2800 1130 2867 abundet.

126 2902 219 2985 eroe
240 2905 338 2989 igitur
359 2905 393 2968 in
415 2904 476 2969 hoc
498 2905 595 2991 libro,
639 2922 732 2990 quem
762 2905 889 2969 omnino
910 2903 1007 2989 poulo
1030 2901 1132 2986 negli-

69 3005 174 3073 entius
195 3006 349 3090 scriptum
371 3004 643 3086 esse-concedes,
667 3003 823 3069 tredecim
845 3001 1135 3088 deprehenduntur

69 3103 200 3179 jusmodi
215 3105 306 3181 vitia,
330 3107 453 3192 poteris
476 3106 615 3191 quidem,
638 3111 774 3190 qrratuor
786 3103 938 3189 exceptis
952 3109 987 3168 et
1002 3102 1131 3169 eoodd.

69 3203 256 3271 reddendis
277 3206 379 3270 veluti
401 3225 430 3270 c.
452 3208 794 3272 xxxrv.xxxvl1.
809 3206 880 3268 XL.
904 3210 938 3269 et
959 3206 1059 3291 mv„
1080 3224 1134 3271 so-

69 3327 105 3370 rm
121 3324 142 3370 e
156 3307 352 3388 conjecturis
367 3307 493 3386 tudere,-
504 3326 537 3374 v.
553 3308 760 3373 c.11.1x.x.
777 3310 853 3371 ΧΗ.
868 3308 961 3370 XXI.
975 3310 1133 3371 xxviii.

69 3410 115 3471 11.
136 3409 226 3470 LIV.
248 3411 397 3486 etnvr„
419 3413 527 3472 tamen
551 3427 613 3473 non
635 3407 817 3491 negandum
841 3414 895 3473 est
916 3407 950 3472 in
973 3407 1053 3472 libro
1075 3426 1134 3472 su·

69 3527 87 3570 s
107 3503 289 3592 depravato
313 3506 364 3571 liis
387 3526 515 3593 quoqne
536 3507 640 3573 locum
661 3526 754 3573 sirum
776 3526 871 3594 esse3
899 3507 1000 3594 idque.
1020 3527 1060 3573 eo
1082 3508 1134 3573 is·

69 3607 138 3672 lius
160 3606 340 3684 concedes,
362 3607 392 3671 si
413 3609 574 3674 rationem
595 3609 671 3692 ejus
691 3608 781 3687 libri,
807 3610 901 3693 eujus
922 3614 1037 3674 unctor
1057 3608 1134 3673 nnl-

69 3729 107 3773 rm
128 3709 162 3773 in
184 3707 274 3772 hiatu
303 3708 456 3773 evitando
478 3709 624 3794 posuerit
652 3707 817 3795 studium,
861 3708 1134 3776 consideraveris.

69 3810 128 3875 lico
150 3809 279 3895 librum,
300 3810 352 3873 cui
373 3828 490 3876 nomen
513 3821 567 3876 est

128 3909 364 3989 Perellelo‚
387 3911 420 3975 in
443 3912 534 3994 cuijus
561 3929 703 3997 prooem.
727 3909 864 3996 legiturz
886 3906 1052 3996 πράγματι
1074 3903 1133 3989 eip-

69 4014 141 4096 νιίῳ.
169 4030 196 4076 e·
219 4015 245 4075 1.
273 4016 402 4145 dotopeg
420 4008 623 4100 Ἀριστειθφς.
646 4016 697 4104 ll.
735 4008 1080 4175 τοιοῦτοιέέθηνωϊοι
1093 4047 1136 4061 -
