2564 4508
511 141 784 207 „255-

104 303 213 381 αὐται.
248 312 307 379 Αἱ.
351 310 400 376 lb.
426 310 462 376 3.
485 308 624 377 Cesutrb.
650 310 751 376 verba
771 311 828 375 καὶ
849 305 1044 396 ἀναστροφὴ
1066 328 1094 375 m

103 408 185 479 sede
207 433 267 479 sue
291 420 364 499 posi
386 410 513 488 τούτοις
535 409 568 498 S.
594 410 628 475 2.
656 412 791 497 expulit.
833 409 882 475 lbi
911 411 944 475 in
972 410 1094 475 bmnibt

102 515 170 581 bris
191 517 312 580 rectius
336 515 470 598 legitur:
497 512 575 597 πρὸς
597 516 631 578 <lc
652 512 779 589 τούτοις
801 512 993 597 ἀναστροφὴ
1015 506 1094 601 (ret

100 616 133 679 in
157 618 295 700 priorem
318 610 441 703 locum)
475 617 531 678 καὶ
552 611 714 697 μεταβολὴ
735 613 792 703 (et
813 614 984 678 conversio
1006 612 1039 678 in
1064 632 1094 698 pr

100 711 315 802 oppositum).
360 714 445 780 Vide
466 713 658 797 Schweigb.
688 716 730 781 od
753 716 785 780 b.
809 715 830 778 l.
875 712 1094 796 Corrigenduu

100 835 196 901 porro
220 816 254 879 3.
275 818 310 880 δέ
330 813 593 902 λιιπερισπασμύς.
613 823 648 881 et
666 814 702 880 4.
730 821 774 892 τλς
803 810 965 895 οὐλαμοὺς
993 836 1028 877 τε
1057 836 1094 879 κο

98 922 285 1000 ἱππαρχιύις.
330 918 403 982 Ηοο
423 917 550 1003 quidem
572 918 604 981 in
626 918 696 982 loco
725 916 798 980 libri
827 934 940 982 omnes
967 912 1094 993 θεειλὰι

71 1018 74 1027 “
99 1018 233 1094 duellae
262 1019 399 1095 hubent,
441 1036 500 1103 pro
529 1036 591 1103 quo
612 1023 763 1103 corrupto
784 1016 942 1082 vocabulo
963 1013 998 1081 in
1020 1036 1080 1082 orn

98 1124 134 1183 et
155 1118 231 1183 hinc
252 1120 285 1185 in
307 1138 365 1184 oro
386 1119 491 1185 llerv.
512 1123 566 1183 cst
586 1115 672 1182 καθ’
697 1121 779 1194 tior.
822 1116 918 1183 Unde
939 1113 1081 1181 Cnsuob.

97 1219 143 1283 cit
164 1216 327 1300 οὐλαμούς
344 1236 381 1284 ’τι
401 1222 459 1285 καὶ
480 1222 553 1293 ὶλας
572 1223 617 1294 etc
637 1220 823 1303 ἱππαρχίας.
867 1217 1037 1283 Debuerat
1057 1237 1094 1285 stt

95 1317 199 1404 iuquit
210 1315 416 1406 Schweigh.‚
438 1322 494 1385 καὶ
510 1322 583 1395 ἴλας
595 1322 652 1384 καὶ
667 1324 853 1405 ιπιιαρχιας.
896 1317 1056 1383 lieisltius
1071 1336 1094 1383 o

39 1424 41 1429 ’
97 1420 159 1485 cit:
185 1425 230 1495 εἰς
246 1416 416 1503 οὐλαμοὺς,
438 1422 509 1486 αἵτε
521 1417 598 1485 κατ’
623 1423 695 1495 ὶλας
715 1426 760 1496 εἰς
771 1423 958 1506 ἱππαρχίας.
991 1415 1094 1483 8οῶ

95 1520 235 1607 denique
256 1522 358 1587 locum
380 1521 482 1607 dedit,
505 1523 550 1587 uti
572 1542 672 1607 snpra
693 1523 891 1606 scripsimus.
933 1517 1094 1605 Equidem

96 1619 284 1702 Scaligero‚
306 1624 383 1688 nibil
404 1626 512 1709 utique
533 1631 735 1708 repugnante
746 1621 953 1706 Sclrrveigb„
976 1622 1094 1687 scribet

94 1741 172 1786 esse
202 1723 302 1787 duco:
335 1729 379 1799 ελς
408 1722 587 1808 οὐλαμοὺς,
614 1730 658 1799 εἰς
679 1727 768 1801 ὶλας,
795 1729 839 1798 εἰς
865 1728 1042 1805 ἱππαρχίας
1071 1729 1094 1803 (ι

93 1823 165 1887 loco
188 1825 329 1887 nonnulli
352 1824 443 1888 codd.
460 1825 542 1907 Reg.
557 1823 597 1889 F.
611 1825 641 1888 b.
656 1825 696 1889 G.
713 1826 742 1889 b.
767 1824 846 1888 Tiib.
870 1822 902 1888 t.
920 1825 1004 1888 mule
1024 1829 1094 1904 έπαρ

93 1929 291 2009 praebent).
338 1920 486 2004 Οὐλαμὸς
508 1931 574 1990 tom
596 1910 699 1990 turmo
713 1931 784 2011 est,
804 1944 887 2011 quoe
908 1931 960 2006 (v.
983 1924 1094 2010 Polyb.

10 2052 16 2063 ·
93 2023 166 2110 tte,
190 2024 226 2088 3.
249 2031 283 2088 et
306 2027 373 2109 sq.)
395 2043 437 2087 ex
461 2026 605 2112 triginta,
620 2029 670 2104 ὶλη
687 2027 918 2110 exsexugintn
941 2020 1078 2109 quatuor

77 2126 178 2190 enim
201 2144 332 2189 numero
354 2124 520 2210 Polybium
544 2147 635 2192 usum
658 2147 735 2193 esse
757 2128 870 2191 scribit
890 2127 1019 2190 Aeliam.
1047 2144 1077 2189 e.

93 2233 128 2290 ct
150 2229 310 2306 ἱππαρχία
331 2244 374 2290 ex
388 2225 496 2291 Dxtt.
522 2229 686 2315 equitibus
703 2227 874 2292 constabit.
916 2227 964 2290 lb.
986 2222 1021 2290 9.
1042 2227 1077 2290 in

93 2334 317 2411 περιφέρονται
340 2331 373 2391 οἱ
393 2331 506 2393 πολλοὶ
527 2339 596 2417 τοῖς
616 2324 981 2412 παραγγελλομένοιςὶο
999 2327 1094 2391 eliist

92 2436 147 2493 est
162 2434 392 2514 συμφέρονται,
414 2431 445 2493 ln
459 2431 531 2494 eliis
546 2431 865 2514 παραγγελλομένοις.
887 2428 1056 2513 Polybium
1069 2448 1094 2493 tn

90 2531 193 2596 verbe
207 2530 313 2615 potius
327 2530 374 2593 itu
396 2530 576 2596 collocasse
590 2541 660 2606 τοῖς
673 2531 867 2611 παραγγελλ.
883 2534 916 2594 οὶ
928 2531 1042 2595 πολλοὶ
1054 2550 1094 2596 ve

91 2633 166 2696 rnile
181 2637 243 2695 est.
257 2629 382 2704 XXlV,
406 2629 441 2694 3.
455 2632 539 2716 legis
550 2631 594 2695 τὰ
609 2628 680 2696 ὅλα.
724 2631 777 2695 Ab
799 2631 1012 2716 epitomatore
1032 2650 1092 2717 pro

90 2740 182 2813 eunt,
204 2738 295 2795 certe
316 2732 348 2794 in
372 2732 502 2797 brevius
524 2734 571 2799 ita
593 2736 775 2809 contractu,
818 2740 853 2796 ut
874 2740 1094 2816 argumentum

90 2852 179 2910 rum,
215 2848 299 2916 quae
330 2838 428 2896 antee
451 2842 584 2898 nmrutu
615 2837 728 2911 erunt,
756 2829 916 2908 indicent,
948 2850 1033 2918 quoe
1053 2832 1094 2898 ini

88 2928 216 2997 XXVI.
239 2931 405 3014 leguntur:
430 2933 588 3009 Φίλιππος
610 2931 627 2999 ὁ
647 2929 798 3018 βασιλεὺς
810 2928 1013 2997 Μακεδόνων
1032 2956 1094 3015 μετ

88 3034 250 3097 ἐκτελέσαι
270 3030 329 3097 τὸν
349 3035 413 3098 τῶν
428 3034 564 3115 Νεμέων
585 3034 715 3117 ὐγιὶινα,
745 3022 848 3108 αὐθις
874 3038 909 3097 ei
936 3038 1064 3112 cetere,
1092 3076 1094 3083 ,

89 3133 207 3198 deinde
223 3133 351 3216 Polybii
372 3140 459 3198 sunt.
501 3132 548 3200 lb.
573 3134 609 3199 5.
633 3134 786 3199 mutanda
808 3141 884 3198 sunt
899 3134 1019 3199 verbe:
1040 3134 1094 3200 ΔιιΙ

85 3232 249 3317 χρώμενος
270 3235 310 3317 τῇ
331 3232 418 3298 κατὰ
438 3231 496 3312 τὴν
516 3237 750 3321 παροπιύημίιιν
772 3232 902 3315 ἐξουσία
918 3231 1094 3313 emeliam}

87 3337 146 3410 δην
167 3353 224 3419 pro
248 3330 383 3412 deciduo
405 3342 501 3401 recte
511 3338 581 3420 jum
594 3335 783 3419 Schweigb.
800 3355 843 3399 ex
859 3335 942 3400 sutis
963 3335 1092 3401 idoneis

78 3424 250 3517 'gumentis
278 3436 451 3519 legendum
481 3456 558 3503 esse
587 3439 700 3503 suasit.
752 3436 822 3502 Sed
851 3455 913 3521 ego
940 3437 1094 3522 eptinse

85 3535 152 3620 legi
174 3555 294 3603 censeo
316 3535 531 3619 τρὶ-ἀνέδην
551 3537 683 3618 ἐξουσίᾳ
695 3586 704 3618 ,
749 3539 823 3622 quin
849 3539 989 3623 scriptor
1010 3538 1094 3603 relat

86 3643 154 3716 est,
176 3637 260 3723 quod
283 3656 325 3702 ex
347 3634 382 3723 §-
406 3635 441 3702 2.
465 3637 671 3725 intelligitur,
697 3656 769 3702 eum
791 3640 882 3722 regio
910 3639 1060 3721 lieentia,
1089 3663 1094 3701 ι

79 3738 119 3802 =in
142 3740 405 3823 peregrinatione
434 3742 593 3804 effrenate
626 3744 698 3804 eret
711 3786 722 3827 7
750 3759 840 3803 usum
865 3739 978 3827 lnisee.
1022 3738 1094 3803 tiu

84 3839 356 3923 peregrinationis
379 3844 492 3904 contra
514 3858 670 3925 quaenam
692 3842 752 3914 sit,
784 3840 889 3903 minus
910 3838 1092 3905 luculenter

83 3946 189 4024 paret.
234 3938 280 4003 lb.
307 3938 341 4003 7.
371 3940 402 4002 in
431 3940 494 4004 alio
520 3941 699 4024 traginento
728 3939 891 4021 Φιλίππου
920 3945 997 4005 unte
1025 3936 1094 4003 οὐτ’

85 4040 248 4126 eclogario
272 4045 325 4106 cst
347 4039 559 4125 adscriptum,
592 4048 637 4107 ut
665 4041 880 4128 significetur,
913 4039 956 4107 de
977 4060 1040 4128 quo
1062 4058 1094 4107 et
