2564 4508
518 130 914 209 ...w-n·

9 350 12 357 ·
151 311 296 380 dedite
328 311 465 394 conject.
491 310 642 398 lteishii,
680 312 738 397 ·qui
768 311 1025 397 interpretaturi¹
1068 310 1228 377 alterna

153 413 330 500 quidem,
361 412 547 497 Pompcjum
569 419 661 498 puta,
695 411 873 479 decebat
899 411 948 477 de
970 410 1232 497 provideritis

151 531 363 601 quaerere.
405 513 516 579 Verba
537 516 661 579 autem:
682 509 740 577 τὸν
760 509 936 594 Πομπήιον
956 511 1162 578 Schaeierus
1182 506 1231 575 an

152 614 201 678 cis
223 613 352 678 inclusit
373 618 409 677 ut
430 613 585 693 delenda,
606 632 670 679 non
691 613 775 679 satis
795 613 914 678 idonea
934 611 976 678 de
997 630 1109 679 causa.
1153 610 1236 679 Sea·

152 714 287 779 tentiam
309 713 394 778 enim
415 714 500 779 hanc
521 732 599 780 esse
620 720 750 780 censet:
773 711 867 779 Cum
889 715 995 778 enim
1020 712 1236 798 Pompejus

95 828 98 835 ’
153 812 279 878 talem
309 819 511 899 expertus
539 832 673 881 rerum
703 815 1020 881 conversionem
1042 811 1248 878 dubitas·-

154 910 289 978 setde
311 914 583 1000 providentia
615 914 796 995 deorum,
838 913 1049 1000 Cratippo
1082 910 1238 977 licebat

155 1012 375 1079 declarare
412 1049 453 1065 -
493 1013 691 1097 adjuncta
733 1015 861 1080 etiam
902 1012 1239 1099 interrogatione

154 1113 249 1178 hacc
271 1114 419 1199 quibus
440 1114 596 1181 tandem
618 1116 889 1200 argumentis
914 1114 1100 1200 Pompei,
1122 1113 1239 1179 nobis

154 1214 445 1301 persuadebis.
508 1214 703 1282 Accuratius
736 1215 839 1281 locum
867 1216 1025 1280 tractavit
1050 1215 1240 1302 Stephanus

154 1315 324 1382 offendens
344 1317 377 1381 in
399 1317 513 1383 verbis
539 1314 578 1381 τὸ
604 1318 663 1398 μὲν
688 1316 825 1404 ἐρέσθαι
853 1321 919 1380 tam
947 1314 1033 1401 qnod
1061 1312 1100 1381 τὸ
1127 1314 1238 1383 mauri

153 1435 295 1483 necesse
315 1417 360 1482 sit
381 1428 416 1483 et
436 1415 588 1483 mutando
608 1417 646 1482 in
664 1413 722 1481 τὸν
742 1411 850 1507 (quod
872 1417 1012 1481 maxime
1033 1416 1177 1483 vicinum
1198 1416 1239 1483 sil

153 1513 310 1606 verbum]
332 1516 411 1584 dure
432 1519 559 1584 dicatur
579 1513 638 1581 τὸν
657 1516 716 1598 μὲν
741 1517 879 1602 ἐρέσθαι
912 1512 971 1580 τὸν
999 1504 1240 1598 Πομπὴῑω,ἧν

154 1636 213 1701 pro
241 1614 301 1682 τὸν
330 1620 387 1700 μὲν
415 1620 553 1703 ἐρέσθαι
585 1619 632 1701 τῷ
659 1617 823 1699 Πομπηΐῳ
852 1615 936 1696 ἐξῆν.
981 1616 1132 1683 Alterum
1158 1614 1238 1703 qued

153 1720 268 1802 ἔρωμαι
289 1720 358 1804 περὶ
378 1715 498 1782 τούτου
518 1718 602 1783 sicut
623 1723 658 1782 ct
678 1718 786 1801 donno}
805 1718 876 1800 eropi
897 1715 1018 1780 τούτου
1025 1718 1137 1803 petius
1147 1734 1236 1805 quatu

153 1818 268 1899 ἔρομοι
288 1812 364 1902 ὑπὲρ
385 1815 503 1881 τούτου
524 1818 659 1883 dicatur.
704 1818 850 1884 Tertium
872 1817 956 1904 quod
975 1817 1159 1885 verisimile
1177 1836 1238 1885 non

154 1918 200 1981 sit
223 1917 445 1996 Plutarchum,
487 1920 516 1982 si
538 1917 591 1983 hic
611 1919 749 2004 ἐρέσθαι
771 1918 981 2003 scripsisset,
1024 1918 1138 1985 stati·
1166 1922 1238 2005 post

153 2017 239 2084 idem
261 2019 394 2084 verbum
416 2021 626 2104 repetiturum
647 2018 758 2083 inisse.
802 2019 1013 2098 „Praeterea
1031 2037 1115 2084 vero
1136 2014 1235 2109 (per-

154 2114 226 2207 git)
254 2123 289 2183 ut
311 2118 516 2184 Plutarchum
545 2120 610 2184 isla
639 2120 741 2184 verba
769 2122 839 2206 περὶ
859 2121 916 2197 τῆς
935 2122 1120 2206 μοναρχίας
1140 2117 1236 2184 Pulu-

153 2221 229 2304 pejo
251 2219 471 2305 adscripsisse
492 2219 693 2306 existimem,
715 2218 792 2283 iacit
813 2218 897 2305 quod
919 2220 1082 2305 sequitur:
1104 2218 1236 2307 ἐρέσθαι

153 2321 198 2385 δὲ.
241 2321 359 2406 Neque
381 2322 466 2386 enim
488 2326 564 2406 puto
587 2319 792 2385 Plutarchum
813 2319 854 2385 de
876 2319 992 2386 eodem
1012 2319 1142 2386 dixisse
1157 2312 1235 2385 ro'rd

151 2417 405 2508 ἀποφαίνεσθαι
426 2427 462 2487 et
481 2422 619 2504 ἐρέσθαι
639 2421 682 2485 el.
726 2420 789 2484 llis
810 2427 918 2487 autem
939 2404 1087 2486 omnihus
1107 2438 1173 2485 non
1185 2418 1235 2485 vi-

154 2521 217 2588 deo
238 2521 314 2608 quid
335 2521 420 2588 aliud
443 2521 563 2608 opponi
584 2522 701 2607 possit,
723 2540 816 2606 quam
839 2520 923 2608 quod
944 2520 1042 2607 paulo
1063 2516 1235 2587 antescri-

153 2630 243 2709 plum
265 2631 319 2688 est
339 2623 385 2689 de
403 2623 558 2708 Pompejo
580 2641 653 2688 eum
673 2622 879 2708 μέμψασθαι
899 2621 958 2685 καὶ
985 2620 1235 2705 ονοδιανιορῆοαι

153 2725 280 2810 βραχέα
300 2725 369 2808 περὶ
391 2725 448 2801 τῆς
468 2726 631 2808 προνοίας.
675 2720 851 2788 Sed'haec
872 2740 948 2787 non·
963 2721 1117 2800 obstant,
1157 2736 1235 2807 que

154 2826 260 2889 minus
283 2823 469 2899 credamus,
493 2823 701 2890 Plutarchum
722 2823 950 2909 subjunxisse,
971 2818 1164 2907 Cratippum
1184 2836 1239 2907 po-

154 2926 259 2991 tuisse
292 2921 380 3014 (uisi
409 2923 571 2989 timuisset
601 2942 643 2988 ne
671 2920 809 3014 λυπηρὸς
835 2929 934 3010 atquc
960 2919 1110 3007 ἄκαιρος
1126 2912 1237 3007 esset)

153 3026 253 3092 multa
274 3026 307 3090 in
329 3024 549 3090 defensionem
570 3025 626 3101 τῆς
646 3028 800 3111 προνοίας
821 3026 938 3090 afferre
961 3029 996 3088 et
1010 3022 1169 3109 Pompeio
1187 3020 1250 3107 ἰιι-Ι

153 3134 206 3193 ter
227 3127 290 3193 alia
311 3125 449 3191 dicentii
471 3124 700 3210 rempublicam
721 3125 754 3188 iu
778 3131 843 3189 tam
864 3126 948 3211 malo
969 3128 1060 3188 statu
1074 3122 1188 3199 luisse,
1206 3124 1238 3186 ut

153 3226 339 3293 monarchia
361 3244 442 3311 opus
463 3229 573 3289 esset:
616 3224 794 3307 objecisse:
837 3221 909 3290 Sed
938 3224 968 3288 si
989 3223 1032 3290 ad
1054 3230 1089 3289 te
1111 3240 1240 3289 monar·

154 3330 227 3394 chia
248 3328 305 3392 illa
325 3325 534 3401 devenisset,
577 3323 716 3390 victoria
738 3325 889 3412 potitum,
932 3324 1008 3411 quid
1029 3322 1127 3389 nohis
1146 3322 1239 3389 tidem

151 3431 260 3496 fucere
282 3428 408 3514 possit,
450 3431 485 3492 te
507 3426 623 3491 melius
645 3442 738 3509 quam
761 3424 940 3491 Caesarem
960 3424 1090 3490 iortmm
1111 3440 1239 3489 usura!

151 3520 301 3596 suisse?“
323 3527 464 3593 Verbum
484 3525 622 3609 ἐρέσθαι
643 3525 743 3609 igitur
764 3525 977 3611 depravatum
999 3540 1080 3591 esse
1101 3520 1241 3589 arbitra-

152 3636 204 3696 tur
232 3635 267 3695 et
294 3648 351 3715 pro
379 3647 419 3694 eo
447 3627 602 3711 seriptum
623 3644 644 3691 a
667 3626 842 3692 Puturcho
864 3626 966 3692 tuisse
986 3622 1074 3691 aliud
1097 3622 1240 3701 verbum,

152 3729 236 3818 qnod
259 3748 329 3795 cum
351 3728 541 3794 accusativo
563 3722 738 3809 Πομπήϊον
755 3729 959 3811 jungeretur.
1008 3722 1115 3791 Simul
1136 3732 1243 3793 auten

152 3850 216 3897 non
238 3827 277 3894 τὸ
299 3829 359 3895 sed
381 3831 427 3912 τῷ
455 3827 611 3913 scriptum
638 3826 740 3892 luisse
768 3827 938 3893 dicendum
969 3844 1057 3893 esse.
1110 3822 1192 3895 Sed·
1211 3828 1244 3893 'et

152 3931 254 3997 verba
285 3931 455 4016 quaepiam
484 3928 549 3994 alia
580 3926 761 3993 desiderari
791 3933 871 3994 aute
896 3926 951 3993 vel
978 3932 1056 4013 post
1081 3920 1162 4015 ὑπὲρ
1189 3926 1243 4005 πῆς

149 4032 303 4118 προνοίας
323 4030 501 4101 verisimile
522 4045 613 4096 esse.
656 4027 694 4094 ln
716 4025 768 4093 his
787 4046 808 4095 a
830 4026 1004 4117 Stephano
1034 4025 1141 4097 mults
1159 4026 1248 4121 utre
