2564 4508
552 129 820 197 ..333-

234 297 358 381 Quibus
379 295 411 360 in
433 296 515 373 vitis
535 299 621 383 quod
642 298 734 384 plura
762 284 967 384 reperiuntur
994 298 1154 383 ejusmodi
1189 298 1238 369 vi·

150 402 216 475 tis,
237 419 302 464 non
324 403 377 462 est
398 397 532 474 mirum,
575 400 724 483 quoniam
746 399 787 463 ad
811 418 870 465 eus
892 399 1032 467 nondum
1055 401 1131 465 boni
1154 400 1239 469 cudi·

151 520 209 567 ecs
234 499 322 577 (dico
345 498 555 564 l’arisienses
577 499 619 561 A.
643 499 679 564 C.
702 505 736 563 et
758 499 858 578 alios)
887 504 964 564 sunt
994 500 1106 565 collati
1127 508 1164 565 et
1185 520 1239 569 ere

150 602 277 667 omnino
299 596 499 682 diligentiam
514 598 672 664 editorum
686 600 791 663 minus
807 606 883 663 sunt
897 607 1069 684 expertae,
1090 603 1237 687 quamde

151 700 268 787 quibos
288 704 389 764 antea
410 698 658 783 disputavimus.
702 698 774 779 ntra
797 698 837 763 de
860 716 959 765 causa
980 701 1081 765 etiam
1109 699 1145 765 in
1173 702 1237 768 vita

151 799 330 886 Pelopidae
365 818 409 863 ex
441 799 555 863 decem
584 799 726 864 hiatibus
759 820 840 863 nnus
872 819 892 862 e
919 798 1088 865 codicibus
1127 804 1239 887 corrigi
1281 875 1282 880 .

151 907 293 988 poterat,
315 900 368 984 qui
391 904 461 962 erat
483 918 513 963 o.
532 903 641 963 XXII.
686 901 725 965 ln
747 900 820 965 aliis
843 900 925 964 locis
945 918 1027 967 mne
1042 901 1151 967 verba
1171 903 1239 988 ipsa

152 1002 235 1066 satis
257 998 483 1074 offendebant,
526 1000 573 1064 ita
595 1006 629 1063 ut
652 1002 853 1066 correctione
870 1001 1022 1083 'indigere
1044 1000 1241 1081 viderentur,

152 1101 249 1186 idque
281 1100 419 1165 dixerim
449 1098 491 1163 de
523 1106 682 1185 quatuor,
725 1102 780 1186 qui
817 1118 843 1164 c.
866 1103 923 1163 IX.
947 1104 1040 1165 XIV.
1062 1103 1191 1167 XXlll.
1211 1111 1243 1169 et

153 1204 261 1266 XXV.
284 1201 442 1284 leguntur.
485 1198 523 1264 ln
545 1202 684 1285 quinque
706 1199 846 1287 denique
874 1200 957 1265 locis
984 1220 1026 1266 ex
1054 1201 1148 1267 biatu
1174 1204 1241 1288 ipso

155 1300 411 1366 concludendum
441 1306 513 1365 erat
525 1323 533 1377 ‚
577 1301 756 1365 orationem
779 1299 853 1364 olim
874 1300 969 1365 aliter
992 1302 1096 1367 luisse
1117 1304 1243 1371 mintur-

154 1407 289 1484 matam‚
309 1400 364 1486 qni
385 1407 462 1464 sunt
484 1420 512 1464 c.
535 1405 561 1463 l.
582 1404 641 1465 lX.
662 1405 738 1464 Xll.
760 1404 885 1464 XXVl.
907 1408 941 1465 et
963 1404 1072 1465 XXX.
1115 1402 1240 1469 Invita

157 1503 301 1567 Marcelli
324 1503 357 1565 in
380 1502 483 1564 tribus
506 1501 586 1564 locis
609 1503 779 1565 concursio
801 1501 962 1565 vuculium
983 1507 1115 1585 poterat
1134 1502 1240 1568 orin-

156 1604 206 1681 ri,
249 1604 277 1666 si
301 1600 432 1667 codices
456 1601 558 1683 magis
580 1621 674 1686 quam
695 1608 793 1666 antea
814 1600 1057 1685 sequebamur,
1096 1623 1131 1667 v.
1153 1622 1182 1667 o.
1205 1602 1241 1669 V.

156 1709 190 1768 et
222 1706 395 1774 XXVlll.,
438 1701 472 1765 in
494 1699 598 1764 tribus
619 1700 700 1764 lucis
721 1701 893 1765 verborum
915 1699 1098 1767 emendatio
1121 1703 1242 1767 omu‘uu

157 1803 231 1867 aliis
254 1801 352 1866 etiarn
374 1800 416 1867 de
438 1801 545 1867 causis
568 1806 640 1864 erat
663 1800 851 1880 probabilis,
872 1821 904 1865 v.
926 1820 954 1865 c.
975 1804 1053 1867 Vll.
1061 1805 1158 1867 Vlll.
1169 1805 1240 1869 XV.

157 1903 273 1968 Facile
296 1901 436 1993 denique
459 1905 589 1985 poterut
609 1899 717 1963 hiatus
740 1900 860 1965 evitari
889 1901 922 1965 iu
951 1907 1082 1985 septem
1109 1903 1193 1969 lucis
1215 1920 1240 1967 c.

156 2006 199 2067 V.
220 2005 280 2067 Vl.
303 2004 347 2065 X.
365 2003 440 2064 XV.
462 2003 587 2062 XXlll.
617 1999 676 2063 bis.
704 2006 738 2063 et
764 2002 889 2064 XXIX.
939 1998 980 2064 ln
1006 2004 1241 2088 comparatione

156 2119 238 2164 rinus
258 2099 349 2161 locus
370 2103 416 2175 (ο.
437 2100 514 2173 ΙΙΙ.)
537 2103 610 2161 crat
631 2099 807 2164 offensioni.
974 2112 984 2135 .-

242 2199 280 2263 ln
303 2197 372 2262 vita
396 2195 602 2267 Aristidis
631 2218 658 2263 c.
676 2201 736 2261 Xl.
765 2201 904 2276 πλησίου
930 2220 991 2286 pro
1012 2203 1151 2279 πλναιον
1170 2206 1239 2267 aute
1275 2271 1277 2291 .

158 2294 219 2362 ὑπὸ
242 2304 326 2379 etc.
347 2299 424 2360 XV.
449 2292 613 2373 Ἑλλήνων
641 2304 717 2383 post
744 2303 953 2384 στρατοπέδῳ
984 2321 1044 2386 pru
1071 2302 1139 2366 mir
1160 2299 1238 2367 ‘lm

158 2399 241 2463 vitia
269 2402 345 2463 sunt
373 2415 541 2481 operarum
563 2399 726 2465 Teubner.
771 2397 806 2464 C.
829 2404 921 2465 XlX.
945 2397 1036 2469 330.
1066 2420 1096 2467 c.
1119 2402 1153 2467 in
1172 2420 1238 2469 ver·

157 2498 228 2563 bist
265 2500 387 2579 ἔπεμψε
407 2493 634 2582 γὰρ-ἔτερον
655 2504 699 2573 εἰς
727 2498 922 2585 Τροφωνίου
943 2496 962 2564 ὁ
983 2496 1175 2585 Μαρδόνιος
1192 2500 1238 2565 vi·
1269 2481 1282 2562 i

158 2598 253 2663 detur
275 2592 501 2683 ὁΜαρὸὁνιος,
522 2598 608 2684 quod
629 2618 745 2664 nomen
764 2601 881 2667 statim
900 2600 1096 2686 praecessit,-
1116 2601 1162 2665 ab
1172 2598 1237 2671 aliis
1268 2594 1282 2662 Ι

162 2714 240 2761 esse
263 2697 469 2782 adscriptum.
514 2698 550 2762 C.
572 2702 681 2769 XXV.
705 2697 797 2762 334.
817 2719 846 2765 c.
869 2701 966 2785 vulgo
989 2698 1112 2773 educta
1135 2702 1239 2765 τοῦτον
1267 2673 1282 2767 Ι

159 2794 341 2876 *ἀνεψιὸν
362 2794 450 2880 αὐτῷ
474 2796 571 2877 ὄντα,
602 2800 661 2864 sed
685 2799 778 2863 bodl.
803 2798 837 2862 3.
860 2801 951 2865 dunt.
971 2807 1007 2871 ot
1026 2799 1104 2866 ΑΜ.
1127 2800 1237 2889 prend·

157 2917 231 2965 men
260 2894 350 2977 αὐτῷ
379 2899 433 2963 vel
460 2896 550 2981 αὐτῷ
582 2901 646 2979 (uti
669 2899 745 2985 Xyl.
769 2906 803 2964 et
826 2904 922 2981 cett)
951 2902 1124 2989 omittunt,
1165 2896 1237 2987 qnod

160 2996 274 3061 uersu.
288 3004 322 3060 et
336 2997 470 3065 Hutten.
487 3001 561 3081 jure
574 3007 770 3084 spreverunt
787 3007 821 3077 et
837 3002 1039 3068 Sintenisius
1053 3002 1096 3067 ub
1113 3002 1157 3067 ll.
1167 3004 1239 3068 su·

160 3095 269 3182 plano
290 3097 450 3180 odJeotum
473 3119 551 3164 esse
572 3100 660 3165 uicit.
706 3101 1105 3169 enneaconta
1119 3102 1237 3169 vesun:
1269 3070 1282 3192 l

159 3193 258 3271 αὐτὸς
278 3205 386 3277 μέντοι
409 3195 427 3261 ὁ
449 3202 631 3280 Δημήτριος
648 3202 840 3281 νομοθετῶν
858 3209 1050 3288 ἐψηφίσατο
1066 3204 1101 3267 in
1110 3198 1238 3291 Xylnnd
1270 3197 1282 3274 Ι

161 3303 195 3361 et
208 3296 328 3381 Bryau.
350 3298 488 3383 exempl.
511 3304 610 3384 φησὶν
623 3305 697 3384 post
708 3306 816 3380 μέντοι
830 3303 956 3387 legitur.
980 3305 1091 3369 Abest
1107 3312 1239 3371 tamna

158 3392 248 3459 Junt.
270 3396 343 3461 Ald.
367 3397 462 3461 Bodl.
486 3396 518 3461 3.
544 3401 628 3464 unde
650 3400 807 3467 Bcislxius
824 3406 993 3487 expunxit.
1017 3402 1239 3471 videon-nra

160 3501 326 3580 utrumque
344 3498 477 3563 verbum
492 3506 527 3565 et
538 3503 636 3585 φησὶν
652 3507 687 3565 ct
700 3498 909 3586 ὀΔημήτρνος
920 3506 960 3569 ab
974 3505 1049 3570 allis
1063 3524 1145 3571 em
1151 3502 1240 3577 addi·
1280 3499 1282 3504 Ι

160 3601 234 3659 tuna
250 3595 349 3661 Certe
363 3608 494 3683 propter
508 3598 608 3675 αὐτὸς
620 3609 674 3664 aut
689 3610 857 3687 utrumque
870 3602 1119 3671 deterrumum
1130 3612 1238 3673 ubuu-

159 3716 222 3782 que
232 3697 429 3763 retinuerim.
445 3700 481 3765 ln
493 3715 601 3781 μέντοι
616 3707 721 3767 autem
736 3704 953 3788 apostrophus
965 3704 1240 3789 posset-adhiberi.

244 3797 281 3861 ln
304 3800 374 3863 vita
396 3797 572 3865 Catonis
593 3821 620 3865 c.
643 3806 667 3865 1.
691 3801 782 3867 336.
805 3804 825 3868 t.
848 3805 881 3867 in
903 3806 1038 3869 verbisr
1067 3796 1095 3891 oi
1126 3810 1240 3891 leym

158 3897 312 3974 prodeunte
332 3898 532 3965 δυσκολᾶναι
559 3903 638 3980 μηδὲ
665 3905 870 3985 μέμψασθαι
897 3907 1086 3989 παραθέντι
1115 3906 1240 3993 ripum

161 3993 181 4071 ἢ
206 3996 333 4062 δεῖπνον
355 3996 480 4064 Coraes
508 4000 582 4067 sine
610 4020 710 4068 cause
738 4005 955 4088 νορντιθλντι
984 4005 1088 4073 dedit.
1134 4004 1241 4077 0101·
