2564 4508
465 140 739 206 ..203-

60 305 286 394 incursurus
308 305 412 385 uest,
453 307 477 373 r.
499 325 527 373 e.
550 307 724 394 Phiiippus
742 308 841 374 etum
863 309 935 396 que
957 270 1165 377 euroeam·

58 407 115 473 xit
161 405 294 474 Deinde
308 407 464 502 Polybius
486 429 545 495 pro
565 409 610 473 τά
630 408 701 488 ἢθη
722 411 846 476 rectius
867 410 964 476 habet
985 407 1145 487 τοΐςῆθε·

57 529 100 572 σι.
145 504 477 586 mammotreptus
498 528 563 574 sor.
585 507 710 574 τοιοῦτ’
735 513 782 588 rx.
803 509 849 574 uti
871 510 955 576 inira
983 507 1013 574 δ’
1046 505 1146 573 ἀπὸν·

57 629 120 672 ton
142 628 202 694 pro
223 609 259 672 δὲ
277 605 335 672 rin.
378 606 449 675 Sed
478 630 536 695 pro
562 617 597 675 ὲν
621 611 668 693 τῷ
695 607 882 694 σεμνοτάτῳ
910 608 1145 694 ὑπελάμβανον,

56 707 142 793 qood
163 729 228 774 nou
251 709 354 774 seium
377 728 398 774 a
420 710 653 797 Theopompea
675 710 782 776 hiatus
803 713 895 795 suga,
922 711 983 778 sed
1007 712 1104 776 etiam
1124 729 1147 775 a

56 807 251 877 Graecitate
271 810 446 877 abhorrere
476 810 632 898 dixerim,
676 811 797 896 optime
820 811 1031 878 casaubonus
1058 811 1147 875 scri·

59 907 199 975 bendum
220 929 298 976 esse
319 911 448 989 censuit
468 909 503 976 ἒν
523 912 588 976 τῶν
609 909 814 994 σεμνοτάτων
829 909 1064 996 ὑπελάμβανον.
1108 909 1147 974 In

57 1008 95 1074 ir.
117 1005 252 1076 ccml.
273 1030 316 1077 ex
330 1011 462 1076 Athen.
485 1011 534 1098 X,
556 1012 699 1096 114471.
721 1013 741 1077 f.
764 1010 856 1077 443.
880 1033 909 1079 a.
932 1031 997 1078 scr.
1020 1010 1054 1076 δ’
1086 1007 1147 1075 οιί-4

57 1111 109 1175 rita
129 1131 191 1196 pro
211 1113 248 1177 δὲ
268 1109 371 1177 οὐδὲν.
413 1112 452 1176 1ο
473 1111 510 1176 fr.
532 1108 680 1178 CCLiX.
703 1120 811 1180 autem
842 1102 886 1179 eu
917 1114 1037 1180 Athen.
1066 1111 1146 1192 xil,

59 1209 153 1278 536.
176 1231 205 1278 e.
229 1213 260 1279 d.
282 1232 345 1278 nou
367 1212 469 1277 verba
489 1213 561 1296 ipsa
577 1212 780 1299 Theopompi
802 1214 902 1285 aliato
922 1233 1000 1280 esse
1012 1231 1146 1299 censeo,

58 1311 116 1376 sed
140 1312 174 1377 in
197 1315 243 1380 sr.
258 1310 388 1378 CCLX.
410 1331 453 1378 ex
475 1313 594 1378 Athen.
616 1311 682 1393 lv,
709 1336 739 1400 p.
767 1311 854 1382 166.
877 1313 984 1399 ipro
1005 1316 1147 1394 δημοσίᾳ

48 1411 215 1491 ’ἑστιάσεις
235 1433 306 1480 eum
329 1413 485 1493 δημοσίας
505 1416 571 1477 ἐστ.
594 1413 729 1480 dedisse
744 1415 853 1481 credo.
877 1416 916 1480 ln
928 1415 967 1479 sr.
982 1412 1146 1479 Ochxn.

60 1532 102 1605 ex
134 1515 257 1580 Athen.
280 1514 328 1600 X,
356 1511 448 1581 435.
473 1514 500 1578 b.
523 1531 551 1577 c.
573 1513 603 1579 ri.
631 1515 664 1578 in
692 1516 821 1581 verbis:
864 1511 1150 1600 ἀπαλλάττεσθαι,

58 1610 117 1692 ἤδη
140 1615 202 1680 hoc
221 1614 281 1694 ἤδη
309 1635 373 1680 nou
402 1634 422 1680 a
450 1614 661 1701 Theopompo
687 1617 867 1701 proiectum
892 1630 971 1682 esse
997 1613 1147 1701 putarim

59 1713 96 1779 hr
120 1714 158 1780 fr.
181 1712 394 1781 CCLXXVI.
421 1735 465 1781 ex
488 1714 609 1783 Athen
634 1716 697 1803 VI,
726 1738 758 1802 p.
781 1717 872 1784 320.
894 1718 932 1786 1.,
947 1736 1010 1782 non
1039 1716 1149 1789 τοῦτο,

58 1814 121 1880 sed
144 1812 245 1880 τοῦτ’·
259 1821 361 1882 ἐνίοτε
382 1815 602 1904 scribendum,
637 1819 671 1882 in
693 1818 838 1901 longiore
858 1819 897 1884 fr.
919 1808 1148 1883 cccxxvu.

60 1933 101 1980 ex
121 1915 245 1982 Athea.
267 1917 349 1998 Xli,
374 1914 464 1982 595.
485 1935 515 1982 a
540 1919 570 1982 b.
591 1937 621 1983 c.
643 1912 751 1983 nulius
772 1925 827 1984 est
849 1919 974 2005 hiatus,
1002 1917 1066 1982 nisi
1087 1915 1150 1981 huc

58 2016 166 2082 refers
186 2014 263 2082 οὔτε
282 2017 392 2093 ἄλλος.
437 2016 475 2082 1ο
498 2017 536 2082 sr.
561 2014 778 2086 CCLXXIX.
793 2019 970 2086 exAtheu.
984 2010 1150 2100 xnaos
1237 2059 1243 2070 -

60 2114 163 2182 αὑτοῦ
184 2124 261 2202 post
282 2115 442 2200 διαλόγων
464 2124 500 2183 et
520 2124 598 2185 ante
612 2116 761 2207 ἀχρείους
775 2139 840 2186 non
856 2116 1056 2204 Theopompi
1073 2130 1152 2182 esse

60 2216 215 2299 dixerim,
229 2237 335 2305 neque
356 2220 391 2284 in
411 2218 588 2304 Βρύσωνος
608 2221 669 2284 τοῦ
686 2214 928 2307 Ἡράκλειάτον
948 2237 1030 2286 vera
1042 2216 1152 2282 Theou

62 2319 170 2404 pompi
191 2320 295 2387 verba
316 2339 377 2384 uos
398 2319 509 2403 legere
532 2320 733 2399 censuerim,
776 2320 921 2388 fortasse
948 2322 1007 2384 τοῦ
1033 2315 1150 2405 ‘Hpcoa

17 2490 21 2495 ,
61 2419 205 2485 additum
231 2426 286 2486 cst
312 2419 354 2486 ah
380 2421 560 2486 Athenaeo.
619 2419 658 2485 ln
686 2421 801 2506 fragm.
829 2419 1080 2487 cccxxxiv..
1107 2438 1152 2484 ex

59 2519 155 2586 Sauo.
179 2517 288 2586 Serm.
310 2525 406 2604 XVI,
427 2541 459 2605 p.
486 2519 575 2584 154.
600 2521 707 2586 nuilus
728 2527 782 2588 est
803 2521 911 2587 hiatus
933 2526 968 2586 et
988 2520 1022 2583 in
1036 2519 1151 2600 fragm.

60 2618 289 2687 CCCXXXV.
322 2643 365 2687 ex
388 2623 513 2687 Theon.
542 2620 642 2705 Prog.
672 2641 701 2686 c.
727 2620 762 2686 8.
795 2643 827 2707 p.
863 2618 949 2684 roh.
978 2620 1013 2683 in
1040 2619 1154 2684 verbis

60 2715 112 2785 ὅτι
130 2725 179 2799 εἰ,
203 2717 253 2785 ὅτι
274 2727 339 2787 non
361 2722 404 2787 ad
426 2722 528 2788 verba
550 2722 772 2807 Theopompi,
807 2720 867 2787 sed
891 2719 1038 2784 Theonis
1059 2724 1151 2784 retu-

62 2820 165 2887 lerim.
209 2821 326 2908 Neque
346 2825 380 2888 in
401 2823 439 2887 ir.
461 2819 675 2887 CCXCVssi.
694 2841 738 2887 ex
767 2823 889 2887 Athen.
913 2820 972 2901 X,
998 2816 1093 2883 435.
1121 2818 1153 2883 h.

62 2941 169 3008 nequo
192 2921 227 2986 in
249 2923 288 2987 fr.
313 2925 431 2988 0001.
453 2942 496 2988 ex
517 2923 620 3005 Long.
643 2923 686 2988 de
708 2923 832 2988 sublim.
863 2943 894 3008 p.
927 2919 1014 2988 162.
1042 2938 1153 3006 neque

62 3023 158 3090 infr.
181 3024 314 3087 CCCII.
336 3043 380 3088 ex
404 3023 531 3088 Theon.
554 3021 660 3106 Prog..
683 3042 710 3088 c.
730 3029 766 3110 1,
808 3044 838 3110 p.
860 3022 898 3089 9.
927 3041 1033 3109 neque
1057 3023 1091 3086 in
1113 3022 1153 3087 fr.

63 3115 306 3193 CCCXXXIV.
330 3143 374 3188 ex
396 3123 530 3189 Zonara
552 3141 585 3186 v.
609 3121 824 3205 βιβλιοπώλην
845 3123 927 3189 uitus
954 3129 1009 3190 est
1037 3121 1156 3188 hiatus.

64 3226 103 3292 hr
130 3225 169 3291 ir.
199 3220 511 3289 CCCXXXV1.ex
540 3219 716 3288 Eustathio
752 3225 785 3289 in
812 3224 947 3291 Homer.
978 3219 1094 3296 1604.
1111 3222 1156 3287 'in

66 3333 190 3409 ἐγένετο
212 3327 321 3389 ἔπειτα
343 3323 445 3389 verba
467 3323 629 3409 quaedam
654 3325 807 3391 videntur
834 3329 957 3392 omissa
984 3345 1073 3392 esse.
1118 3325 1158 3391 lo

66 3428 103 3492 ir.
125 3423 387 3493 CCCXXXVII.
410 3445 453 3491 ex
472 3424 625 3490 Eustath.
650 3447 681 3512 p.
701 3426 817 3495 1854.
837 3428 942 3493 nutius
963 3433 1018 3492 est
1037 3427 1156 3492 hiatus.

67 3529 103 3594 in
124 3529 164 3593 fr.
186 3526 383 3597 CCCXLll.
406 3527 612 3613 denique-ex
633 3529 735 3594 schot.
757 3528 861 3593 Arist.
883 3528 968 3592 Ram
991 3524 1093 3592 11111).
1113 3548 1155 3610 τῃ

68 3624 169 3716 iprspp
189 3628 419 3714 Theopompus
446 3647 512 3694 non
531 3631 685 3716 scripsit,
729 3632 775 3696 uti
803 3630 932 3696 omnino
960 3630 1063 3696 verba
1091 3649 1157 3714 pon

70 3726 151 3795 hene
173 3727 308 3816 hahent.
480 3764 484 3773 ι
924 3776 927 3781 .
1041 3776 1044 3780 .

71 3845 74 3851 ·
149 3830 204 3897 Ne
230 3817 341 3896 tamen
371 3828 488 3896 credas
517 3852 568 3898 me
589 3831 623 3896 in
644 3832 702 3909 iis,
745 3829 890 3915 quaein
919 3827 1160 3914 Theopompeis

73 3929 261 4014 corrigenda
283 3948 362 3995 esse
383 3931 470 4015 dixi,
496 3931 669 4020 Ciceroni,
700 3931 897 4014 Quintiliano
925 3937 960 3994 et
987 3927 1160 4013 Dionysio,

74 4029 187 4117 quippe
210 4030 264 4117 qni
285 4049 357 4097 eum
378 4032 412 4099 in
434 4032 523 4099 hiatu
545 4034 700 4101 evitando
716 4035 893 4100 Isocratem
914 4047 997 4096 esse
1013 4035 1160 4096 secutum
