2564 4508
550 144 595 177 -·
657 127 721 192 ue
785 161 826 174 -

149 282 424 384 explicutt'ottb,
449 293 514 361 41.
535 292 578 360 ἄν
598 319 647 372 τις
668 294 855 376 ἀποκτείνῃ,
878 295 971 378 φησί,
993 289 1051 358 τὸν
1069 287 1236 378 ἀνδροφό-

149 421 215 463 νον.
248 393 305 461 εἶτ’
338 393 433 461 εἰπὼν
458 385 505 461 ὦν
531 393 726 480 είργόμενον.
791 391 962 477 intelliges
989 392 1088 477 igitur
1112 393 1236 459 verbus

117 550 127 577 ,
149 493 392 580 εὰν-κτείνῃ,
432 502 523 562 recte
546 515 616 561 cum
637 499 762 581 ἔγραψε
783 493 932 577 conjungi
953 497 987 558 et
1007 492 1049 557 iis
1070 511 1155 578 quac
1177 510 1238 559 se-

134 601 290 681 ·quuntur
311 590 454 663 coerceri
477 617 517 663 ea
546 614 629 684 quae
656 594 866 672 antecedant,
910 599 949 658 ut
980 593 1147 679 sententia
1177 595 1239 659 sita

150 696 256 780 legem
278 698 367 774 tulit,
388 699 419 763 si
441 700 512 784 quis
533 696 722 763 homicidam
743 695 967 772 interfecerit,
990 695 1108 781 quippe
1129 695 1239 760 absti-

151 803 291 870 nentem.
314 799 432 887 inquit,
453 802 522 865 foro
544 799 716 865 collimitio.
761 794 852 878 Quae
874 815 944 861 cum
966 797 1013 861 ita
1034 797 1113 880 sint,
1132 812 1236 861 vocu-

150 897 227 961 lium
249 916 438 964 concursum
460 900 554 966 facile
575 899 673 966 feres.
715 898 824 984 Magis
845 896 954 962 dubito
977 894 1076 978 633,
1098 894 1163 962 41.
1194 895 1238 962 de

150 1002 306 1079 μετουσία
327 997 425 1083 αὐτῷ.
466 1000 576 1067 Pausa
598 999 772 1066 excusabis
792 999 912 1064 hiatum
930 999 964 1064 in
984 998 1044 1083 iis,
1064 1014 1150 1083 qrroe
1169 993 1238 1063 42.

153 1103 229 1162 sunt
260 1099 407 1184 scripta:
451 1097 515 1184 ὅτῳ
537 1104 614 1166 ποτὲ
634 1103 699 1166 τῶν
719 1097 847 1173 πάντων
868 1096 1037 1163 ἀπόκειται
1058 1095 1181 1175 ἄδηλον
1200 1094 1241 1163 ὃν

151 1194 222 1288 (Σ.
250 1195 287 1262 ὃν
314 1195 405 1291 οπο).
456 1200 631 1269 Sententia
660 1201 745 1267 enim
776 1206 854 1266 est:
890 1219 962 1266 cum
990 1198 1024 1262 id
1051 1199 1156 1265 lateat
1186 1202 1240 1263 cui

153 1288 358 1365 omnium'sit
378 1305 566 1390 sepositum.
619 1303 729 1368 Verba
756 1302 839 1386 legis
867 1307 943 1366 sunt
971 1301 1111 1385 repetitu
1148 1296 1241 1388 634,

153 1396 218 1465 46.
239 1399 297 1466 ἐὰν
318 1408 399 1489 πέρα
420 1400 514 1491 ὄρσο,
537 1408 655 1491 φῃσίν,
677 1398 794 1486 ἐλαύνῃ
815 1399 834 1480 ἢ
856 1408 938 1488 φέρῃ
958 1398 978 1479 ἢ
999 1399 1065 1484 ἄγῃ
1086 1407 1122 1467 et
1143 1403 1240 1487 paulo

156 1507 232 1586 post
252 1508 334 1588 πέρα
355 1500 443 1586 ὅρου.
488 1505 638 1570 Dubitari
660 1510 767 1570 tamen
785 1503 859 1586 jure
881 1505 1001 1589 potest,
1022 1521 1097 1567 num
1108 1500 1243 1568 Demo-

154 1602 293 1669 sthenes
315 1601 407 1688 635,
421 1602 485 1669 46.
506 1605 624 1671 verba:
646 1612 832 1688 σι’-μένοντα
853 1602 954 1683 ἠδίκει
976 1609 1061 1667 οἴκοι
1081 1603 1129 1668 ita
1151 1607 1243 1668 scri-

156 1704 269 1787 pserit.
313 1704 352 1768 ln
373 1706 516 1789 legitima
538 1705 667 1781 dicendi
687 1707 815 1772 ratione
836 1702 926 1783 636,
949 1703 1009 1769 5⁰.
1031 1701 1073 1768 ἄν
1092 1726 1142 1779 τις
1160 1700 1243 1768 ἀπσ-

156 1807 266 1887 ατείνῃ
286 1811 323 1868 ἐκ
344 1810 496 1892 προνοίας
517 1826 581 1871 non
604 1807 771 1885 haerebis,
803 1807 945 1891 itemque
966 1805 1057 1869 locus
1077 1803 1164 1888 legis
1176 1800 1244 1871 52.

156 1901 198 1967 ἂν
218 1908 316 1988 κατίῃ
337 1901 410 1970 ὅποι
429 1904 473 1988 μὴ
497 1905 615 1986 ἔξεστιν
637 1907 729 1971 simul
751 1924 854 1992 pausa
875 1910 987 1993 potest
1013 1904 1160 1984 defendi,
1186 1906 1243 1971 ubi

157 2004 274 2073 Reisk.
298 2017 373 2091 post
393 2013 491 2093 κατίῃ
512 2010 719 2094 interpunxit.
762 2008 853 2073 Idem
885 2006 963 2071 tecit
990 2002 1088 2087 637,
1116 2005 1180 2072 55.
1208 2007 1245 2075 in

160 2106 272 2171 verbis
287 2107 389 2192 legis:
411 2107 431 2187 ἢ
452 2113 501 2175 ἐπὶ
523 2113 618 2195 μητρὶ
638 2108 659 2189 ἢ
680 2112 730 2176 ἐπὶ
746 2106 872 2193 ἀδελφῇ
884 2104 905 2185 ἢ
917 2109 968 2172 ἐπὶ
988 2108 1135 2194 θυγατρὶ
1158 2106 1245 2186 beai
1270 2158 1277 2169 .

159 2209 310 2291 παλλακῇ
331 2207 369 2286 ἢν
395 2208 551 2294 ὁὲν-ἔχῃ
578 2218 656 2277 ante
682 2209 703 2289 ἢ
733 2215 768 2276 et
795 2208 842 2287 ἢν.
871 2204 968 2289 638,
991 2205 1055 2274 56.
1084 2206 1174 2291 μηδ’-
1193 2204 1247 2275 ἐπὶ

159 2305 287 2384 τούτοις
307 2308 431 2389 ἐξέσται
452 2307 649 2390 ἀποκτεῖναι,
671 2311 816 2377 fortasse
833 2306 926 2388 ἔξεστ’
952 2309 986 2374 id
999 2315 1051 2374 est
1063 2307 1166 2388 ίξεστι
1185 2308 1245 2377 fuit

160 2409 323 2495 scriptum.
346 2411 440 2477 Haec
453 2412 538 2478 enim
552 2414 684 2498 saepius
698 2413 784 2478 inter
794 2429 832 2476 se
844 2416 920 2475 sunt
933 2416 1116 2496 permutata
1131 2417 1248 2481 recte·

161 2528 223 2595 que
238 2508 301 2575 dici
313 2517 443 2598 potest:
467 2513 598 2597 exlege
613 2514 781 2600 proposita
792 2530 858 2576 non
870 2511 947 2577 iicet
961 2529 1033 2577 eum
1047 2512 1246 2581 interficere.

160 2609 273 2677 Pausa
299 2619 476 2680 excusatur
489 2609 583 2700 683,
609 2612 673 2680 58.
687 2611 822 2696 τοιούτῳ
836 2611 864 2678 ὃ.
902 2614 1122 2698 Legisautem
1139 2608 1249 2683 'verba

132 2727 135 2732 ·
161 2716 237 2777 sunt
252 2709 344 2801 639,
359 2711 411 2779 66
425 2720 461 2781 et
483 2710 543 2778 61.
563 2716 623 2800 βίοι
645 2712 773 2789 ἄδικος.
800 2712 869 2781 Sed
884 2711 976 2800 639,
993 2711 1056 2781 61.
1069 2716 1104 2780 in
1115 2714 1248 2782 verbius

45 2814 52 2831 “
119 2888 123 2897 1
160 2811 204 2893 μὴ
228 2809 344 2891 ἐξεῖναι
368 2817 438 2896 ἐμοὶ
459 2811 648 2896 ἀμύνεσθαι
671 2815 804 2900 primum
824 2816 912 2901 vulg.
934 2821 1011 2882 ante
1031 2813 1138 2881 Bekk.
1160 2822 1197 2881 et
1213 2814 1248 2881 ht

162 2911 256 2978 codd.
272 2911 377 2979 Krsv.
394 2917 515 2982 rectius
527 2917 645 3000 iegitur
656 2938 722 2997 μοι,
745 2915 864 2981 deinde
885 2915 979 2981 codd.
1000 2916 1097 2982 iidem
1110 2921 1147 2982 et
1159 2919 1248 3003 vulg.

112 3070 123 3089 ,
161 3021 238 3080 ante
250 3014 355 3080 Bekk.
368 3013 564 3098 ἀμύνασθαι
576 3018 736 3103 praebent
747 3012 803 3108 (in
817 3014 860 3082 1⁴⁷.
877 3022 930 3082 cst
943 3037 1042 3103 supra
1054 3012 1247 3108 scriptum).

165 3116 324 3180 Fortasse
345 3116 442 3200 igitur
462 3117 705 3184 Demosthenes
734 3141 791 3200 μοι
812 3115 854 3182 σίν
875 3114 1072 3200 ἀμύνασθαι
1103 3120 1250 3207 scripsit,

162 3235 237 3281 nam
258 3218 419 3302 oppositio
441 3225 509 3284 est:
531 3215 604 3284 ἀλλ’
630 3215 731 3297 ἔξεστι
752 3224 787 3283 et
806 3219 982 3285 secundum
1003 3219 1108 3303 legem
1130 3219 1249 3305 singu-

153 3317 264 3395 ,larem
286 3324 320 3384 et
339 3306 515 3385 secuudum
537 3338 733 3386 communem
754 3320 891 3385 omnium
913 3320 1090 3409 hominum3
1116 3340 1250 3403 αμννσι-

164 3418 252 3481 οθαι
280 3424 387 3485 autem
408 3420 657 3507 praeferendum
683 3440 761 3487 csse
793 3420 874 3487 duco
884 3468 896 3507 ,
940 3421 1014 3507 quia
1042 3418 1085 3495 de
1112 3420 1251 3506 singuiis

164 3537 247 3603 quae
268 3521 376 3586 afferri
398 3527 536 3607 possunt
558 3520 783 3588 occasionibus
804 3540 910 3588 sermo
933 3527 997 3588 est.
1039 3520 1152 3587 Verba
1165 3521 1251 3609 logis

163 3626 240 3686 sunt
260 3622 401 3706 repetita
423 3619 516 3707 640,
538 3620 600 3688 62.
622 3625 654 3688 in
675 3619 875 3706 μεταποιήσῃ
887 3618 1001 3704 αὑτὸν,
1022 3627 1057 3688 et
1077 3641 1185 3709 pausa
1197 3626 1252 3689 cst

153 3717 257 3800 -646,
278 3719 343 3788 63.
364 3728 441 3809 post
461 3720 544 3802 αὕτη
566 3729 643 3789 aute
664 3722 711 3803 ἢν.
757 3723 915 3791 Fortasse
936 3723 1050 3790 vitium
1071 3725 1104 3788 in
1119 3740 1253 3790 numero

165 3821 249 3886 latet
271 3818 367 3900 641,
390 3820 453 3887 66.
473 3821 602 3910 Ὀρέστῃ
623 3829 655 3889 οἱ
676 3820 801 3893 δώδεκα
821 3826 915 3904 θεοί,
945 3823 999 3893 ubi
1020 3822 1092 3890 cod.
1114 3844 1143 3889 r.
1165 3842 1250 3891 corr.

162 3918 323 4008 Ὀρέστας
330 3972 341 4011 ,
365 3944 414 4010 pr.
437 3945 463 3990 r.
487 3924 616 4010 ὀρίσται
637 3926 745 3991 habet.
796 3925 829 3988 Ν
831 3946 881 3990 um
903 3932 1013 3991 orator
1034 3943 1155 3992 revera
1176 3926 1253 4013 piu-

165 4023 225 4087 raii
248 4022 559 4107 ονιοετο.’ορίσταις
581 4035 634 4093 est
655 4047 746 4114 usuS,
766 4032 801 4092 ut
822 4028 882 4095 sitr
905 4028 1033 4108 talibus,
1054 4026 1162 4112 qualis
1182 4032 1257 4095 erat
