2564 4508
201 164 206 172 .
451 205 492 215 -
557 165 622 232 333
684 172 726 216 .-

10 399 13 404 .
41 336 99 400 die
119 318 481 419 straigerechtigkeit,
525 331 705 400 schdtzend
726 331 787 398 das
808 332 916 402 niuei
937 333 999 400 des
1018 334 1132 402 Timo-

43 435 139 512 leon;
160 436 242 508 iiber
262 434 312 499 sie
334 434 498 518 verhiingt
519 453 591 500 war
597 481 624 519 ,,
640 452 830 519 quamquam
850 439 915 498 tum
936 435 977 518 νῇ
997 431 1133 518 εὐτυχίᾳ

46 535 113 621 iegi
141 535 274 620 nequit,
303 535 347 598 uti
377 540 469 599 recte
497 535 640 600 Hessius
671 535 912 624 animadvertit.
958 536 1003 601 At
1024 536 1135 622 quidni

47 633 317 713 τὴν-εὐτυχίαν
339 636 501 722 legamus,
545 653 629 722 quae
650 636 784 700 mutatio
806 635 875 703 iere
896 635 982 701 nulia
1003 641 1058 702 est
1078 635 1134 700 di·
1161 665 1172 677 =·

48 726 185 802 tenda?
208 735 372 818 'Reiskius
390 737 456 816 jam
478 737 700 801 accusativum
720 733 812 800 dedit
834 735 979 820 pluribus
1000 737 1133 801 mutatis

48 837 246 920 conjiciens:
289 837 345 912 τῆς
372 836 462 913 δίκης
488 833 601 912 αὐτοῖς
629 833 694 901 ἀπὸ
717 833 816 917 λόγου
836 832 919 917 μετὰ
940 834 1001 914 τὴν
1026 837 1133 919 Τιμο-
1148 825 1167 923 ι’

50 939 176 1012 λέοντος
205 932 357 1014 εὐτυχίαν
378 938 609 1018 ἐπιτιθεμένης.
643 937 776 1002 Vuicob.
805 956 864 1021 pro
890 933 1003 1014 αύτοῖς
1033 939 1133 1006 habet

49 1033 153 1114 νίτῆς.
199 1035 235 1100 C.
255 1040 396 1102 XXXV.
421 1035 513 1101 1153.
535 1057 569 1102 a.
593 1057 657 1103 non
681 1037 791 1103 dubito
813 1037 889 1122 quin
917 1057 976 1123 pro
1005 1036 1134 1105 ἐκπλσύ·

51 1159 163 1212 σαντες
198 1135 274 1221 post
308 1143 345 1200 ἐν
371 1135 452 1201 Κέον
485 1156 514 1202 c.
545 1135 581 1202 (1.
611 1134 803 1214 πλεύσαντες
838 1138 1044 1204 scribendum
1079 1138 1132 1204 sit.
1224 1170 1227 1179 ι

53 1234 140 1317 Quod
164 1236 364 1301 Tudertinus
386 1237 507 1301 vertite
537 1255 589 1301 ex
613 1234 728 1313 chio,
750 1238 841 1302 libris
863 1258 925 1304 uon
949 1239 1112 1323 probatur.

130 1337 645 1403 invitaAemiliiPauiie.
668 1338 694 1404 1.
717 1336 806 1403 1155.
835 1338 864 1404 d.
893 1358 913 1405 e
945 1341 1134 1422 conjectura
1260 1382 1264 1399 .

56 1435 177 1501 iieiskii
199 1436 396 1501 editumt
342 1444 419 1502 est:
465 1437 576 1502 Oddeui
598 1436 662 1521 γὰρ
685 1435 814 1521 ἄλλοι
797 1462 816 1516 η
838 1436 1055 1518 συνδιαιτήσει
1075 1442 1133 1506 καὶ
1258 1520 1261 1524 Δ

10 1582 15 1601 .
10 1532 222 1671 ,συμβιώσει
250 1535 288 1600 τὸ
311 1533 479 1619 γινόμενον
505 1542 643 1603 ἔοικεν.
662 1537 862 1606 Schoeferus
890 1546 999 1605 tamen
1028 1536 1133 1605 ούὸενὶ

10 1630 111 1720 Ιμἰρ
131 1633 204 1701 αλλ’
229 1635 409 1715 timavum
453 1638 568 1723 quod
553 1659 622 1722 Jam
646 1639 778 1725 Bryano
801 1641 1005 1726 placuerat
991 1646 1025 1706 et
1047 1640 1132 1707 Hai—
1173 1672 1175 1681 >

19 1737 175 1821 tingere
205 1737 238 1801 in
269 1741 342 1803 Act.
368 1739 480 1803 Phiioi
504 1737 1163 1823 Μοοσσ.11,1,11,168.8σι1Ηε1-,

42 1836 121 1902 ‘dius
142 1838 307 1921 vulgatum
330 1837 422 1904 οὐδὲν
443 1837 507 1924 γὰρ
528 1837 645 1906 ἀλλ”
611 1865 647 1918 υ
669 1812 829 1920 defundit,
859 1841 923 1907 vid.
947 1845 1018 1928 ejus
1041 1862 1133 1908 com-

63 1945 145 2004 ment.
169 1939 212 2004 ad
235 1939 266 2004 h.
290 1940 320 2019 1.,
343 1959 435 2024 quem
459 1939 541 2025 quod
564 1942 767 2006 Sintenisius
789 1948 924 2008 secutus
947 1949 1000 2008 est
1022 1944 1131 2029 probo

64 2037 92 2101 11.
104 2040 141 2105 V.
166 2037 295 2105 We.
318 2041 504 2106 verborum:
533 2043 591 2124 Τῷ
612 2040 675 2127 γὰρ
698 2042 767 2107 ὄντι
787 2041 926 2126 μεγάλαι
949 2045 1006 2126 μὲν
1028 2041 1133 2132 ἁμαρ-

63 2141 117 2204 τίαι
136 2137 398 2224 σιναιιειιταμέναι
426 2166 584 2223 γυναικας
613 2141 739 2226 ανὸρὼν
770 2142 873 2220 ἄλλας
901 2142 961 2208 οὐκ
987 2143 1132 2224 σἰιιὴλλα·

63 2235 127 2316 ξαν·
148 2240 208 2317 τὰς
228 2238 255 2305 θ
277 2246 313 2306 ἔκ
334 2266 419 2317 τινος
441 2240 556 2320 αηὸιάς
577 2245 633 2306 καὶ
655 2245 895 2327 δυσαρμοστίας
916 2242 1011 2322 ἠθῶν
1031 2262 1133 2335 μἰιιρα

29 2343 105 2404 ’καὶ
136 2340 242 2406 πυκνοὶ
274 2341 547 2427 προσκρούσματα
559 2388 568 2420 ,
610 2341 884 2408 αλανθσὶνσντα
911 2368 987 2420 τους
1014 2346 1134 2422 ἄλλους

62 2435 258 2527 ανεργαζεται
280 2442 338 2520 τὰς
359 2441 608 2521 ανηιιέστουςὲν
629 2452 702 2516 ταῖς
722 2435 940 2530 συμβιώσεσιν
964 2439 1133 2531 ἀλλοτριό-

61 2562 144 2620 τητας
165 2543 248 2608 hane
270 2563 347 2609 esse
368 2544 563 2609 senteutiam
586 2543 669 2608 bene
683 2542 884 2609 Schaeseros
900 2541 1002 2611 vidit:
1023 2545 1134 2630 „Non

60 2642 174 2708 solum
195 2663 336 2730 magna
358 2644 610 2728 omniumque
638 2644 773 2708 o‘eulis
804 2643 1002 2728 exposita
1029 2663 1133 2709 uxo-

10 2786 16 2809 .
59 2758 158 2807 rum
173 2753 352 2829 peccata
395 2763 555 2811 causae
583 2750 681 2809 aunt
718 2743 1013 2831 divortiorum,
1054 2742 1134 2810 sed

10 2910 13 2947 Ι
10 2842 171 2909 'etiam
193 2841 531 2910 offensiuncuiae
553 2863 656 2930 quae
683 2845 827 2911 oculos
860 2845 1033 2910 aliorum
1061 2844 1133 2909 iu-

10 2942 194 3045 g:iant“
237 2944 332 3010 Unde
354 2951 467 3029 patet,
498 2965 561 3011 non
583 2965 653 3009 cum
676 2944 782 3011 Corae
804 2942 865 3010 οὐκ
885 2950 963 3010 ante
984 2940 1133 3024 ἀπήλλα-

10 3022 122 3124 Ιξαν,
154 3043 215 3108 sed
247 3048 303 3109 καὶ
333 3052 409 3109 ante
439 3042 701 3125 αναπειιταμέναι
723 3063 799 3110 csse
821 3043 1012 3111 addendum.
1055 3046 1133 3111 Non
1154 3048 1157 3053 ’
1177 3050 1187 3107 '.

10 3143 151 3208 ninus
174 3145 270 3208 iniis
293 3163 376 3231 quae
409 3150 587 3229 sequuntur
619 3163 689 3210 cum
719 3143 853 3230 Bryano
884 3152 918 3211 et
940 3143 1134 3226 Sintenisio,
1257 3180 1261 3189 =

10 3224 137 3327 ciuem
160 3245 258 3309 adh.
280 3245 300 3308 1.
323 3245 411 3322 vide,
431 3243 474 3308 τόι
495 3241 565 3307 d“''
544 3269 581 3310 εκ
602 3269 688 3321 τινος
709 3243 909 3337 scripserim.
952 3246 1017 3312 Pro
1038 3268 1134 3335 προς-
1208 3320 1216 3330 ⁵

10 3342 255 3430 ειρούσματα,
298 3343 380 3429 quod
414 3345 495 3409 est'
487 3366 520 3410 ιο
542 3344 635 3410 codd
658 3346 697 3409 A
720 3343 761 3410 D.
783 3344 819 3407 Ρ
841 3353 876 3410 et
896 3347 1000 3432 June,
1035 3346 1132 3430 vulgo

49 3441 297 3530 προσκρούματα
309 3445 479 3529 legebatur
495 3450 529 3508 et
543 3465 624 3530 pro
619 3443 688 3509 ὄντι
709 3446 741 3513 in
764 3441 801 3509 (1.
825 3442 936 3512 est&
899 3471 936 3510 οτ
937 3471 958 3510 ι.
995 3443 1133 3526 Quaec

10 3544 168 3617 :XXVL
192 3539 281 3607 269.
305 3565 335 3611 a.
360 3545 531 3628 legunturt
575 3541 685 3610 Totos
705 3544 821 3609 παιδία
840 3543 1012 3630 συλλαβὼν
1032 3541 1135 3622 αὐτὸς

10 3622 121 3708 ilum
135 3647 335 3757 ἐνεχείρισεν,
357 3645 488 3710 brevius
510 3663 604 3731 quam
619 3664 678 3729 par
692 3652 755 3726 est,
778 3651 854 3710 sunt
867 3652 1009 3711 narrata.
1033 3643 1131 3728 Cogi·
1133 3628 1146 3721 f
1208 3711 1215 3718 ,

46 3743 176 3809 1ιιιιι1οιυ
190 3745 275 3809 enim
290 3752 354 3832 est,
368 3762 441 3809 eum
456 3746 488 3810 1ιι
500 3746 575 3829 fuga
589 3744 698 3809 Ionem
708 3743 869 3830 quendam
883 3745 1018 3811 amicum
1031 3762 1132 3829 repe·
1154 3799 1159 3811 .
1225 3734 1232 3745 ’

44 3844 138 3933 risse,
159 3845 270 3930 iiiique
285 3845 407 3910 liberos
419 3843 607 3932 tradidisse,
625 3843 723 3930 idque
741 3845 926 3929 priusquam
947 3841 990 3927 ad
1011 3859 1132 3906 murum

43 3944 226 4010 accederet.
261 3944 397 4028 Legitur
409 3945 493 4010 enim
512 3945 544 4010 iu
558 3946 609 4022 iis,
622 3962 706 4030 quae
721 3942 939 4009 antecedunt:
962 3937 1000 4003 οὐ
1012 3935 1131 4005 λαθὼν
1147 3984 1152 4007 1,

41 4045 113 4123 μὲν,
135 4038 345 4129 ὑποφθάσας
370 4043 404 4132 di
417 4039 493 4118 τοὺς
511 4039 689 4124 Ῥωμαίους
708 4039 791 4123 μετὰ
810 4047 866 4120 τῆς
886 4033 1054 4125 γυναικός,
1079 4037 1131 4107 ubi
