2564 4508
491 156 840 229 -548-'

85 336 187 403 verba
208 335 283 400 siue
303 350 416 429 corum
436 330 580 399 ordinem
602 349 679 398 esse
700 324 903 411 mutandum,
945 326 1008 395 sed
1029 332 1161 397 tantun·

86 438 179 505 modo
201 436 233 502 id
256 434 420 522 voluisse,
463 431 601 499 dubitari
622 451 722 518 posse
742 436 849 497 utrum
870 429 1162 519 Plutarchus,

86 531 1167 677 ΜΜΜΜΜΜΜΜΜ·

85 640 252 707 verint
1157 658 1161 663 ·

171 737 262 820 Quae
283 737 411 822 igitur
401 756 434 801 m
456 734 559 820 primo
580 733 661 800 libro
681 733 723 819 de
736 732 908 820 Isocrate,
929 732 984 799 hic
1004 732 1050 800 de
1065 692 1163 807 Theo·

86 860 202 927 pompo
225 846 259 905 ct
280 837 426 922 Polybio,
449 853 534 921 quae
555 833 664 900 ibide
685 833 924 917 Demosthene,
944 832 999 900 hic
1020 831 1065 900 de
1078 832 1164 899 Plut-

85 941 194 1028 archo,
216 957 299 1025 quae
319 936 364 1000 ibi
385 935 428 1001 de
449 935 631 1025 oratoribus
653 942 732 1003 aute
747 935 938 1013 Isocratem,
959 926 1015 1001 hic
1034 934 1112 1001 item
1118 908 1166 999 de

86 1041 252 1107 historicis
274 1037 339 1104 dici
360 1042 529 1122 poterant,
552 1042 657 1103 restat.
677 1042 802 1124 autem,
823 1041 860 1103 ut
881 1035 1012 1105 eliam
1001 1056 1038 1105 m

466 1221 629 1325 Capite
662 1228 794 1298 sexto
917 1216 924 1221 ’

88 1366 127 1415 de
152 1364 246 1413 hiatu
269 1363 302 1411 iu
319 1348 453 1411 ceteris
476 1361 680 1423 historicis,
705 1363 761 1423 qui
783 1362 930 1423 practer
944 1360 1168 1431 Plutarchum

382 1448 467 1507 post
484 1445 666 1508 Polybium
692 1447 872 1509 vixerunt,

88 1564 184 1630 agam
204 1550 239 1611 ct
259 1542 490 1624 demonstrem,
511 1541 641 1606 inistis
663 1560 788 1628 quoque
808 1541 930 1630 luisse,
950 1543 1007 1630 qui
1027 1547 1094 1613 nou
1108 1546 1187 1634 qui·

88 1647 162 1713 dem
184 1649 323 1723 tantam,
354 1647 506 1728 quantam
528 1642 603 1727 Pol)
603 1643 706 1728 bioS,
738 1641 798 1708 sed
822 1648 930 1711 tamen
950 1643 1095 1731 aliquam
1122 1665 1171 1715 cu·

88 1765 174 1826 ram,
204 1760 394 1830 quamquam
416 1763 480 1808 non
503 1749 569 1808 tam
591 1742 745 1827 religiose
771 1762 866 1829 quum
887 1743 1103 1843 Plutarchus,
1132 1744 1172 1815 ad

92 1845 253 1911 vocalium
286 1845 531 1909 concursionem
570 1843 758 1908 evitandam
793 1842 1011 1913 adhibuerint.
1073 1834 1173 1917 itote·

90 1945 212 2012 reudus
233 1948 342 2014 autem
369 1943 462 2008 huc
453 1943 601 2028 inprimis
634 1949 687 2008 est
714 1942 948 2030 Dionysius
975 1948 1175 2018 Halicar-

89 2043 331 2121 nassensiS,
353 2044 407 2129 qui
428 2042 480 2108 hic
502 2043 570 2106 illic
592 2043 739 2128 quidem,
760 2042 823 2111 sed
844 2045 950 2117 rorios
971 2044 1101 2117 hiatum·
1115 2051 1175 2119 ad·

89 2148 219 2215 misisse
240 2145 389 2223 videtur,
432 2143 529 2229 idque
550 2144 597 2207 ita
619 2150 656 2207 ut
677 2150 853 2229 appareat,
889 2163 963 2211 eum
981 2149 1083 2217 nimis
1102 2170 1175 2219 ore-

89 2252 179 2314 brum
207 2245 368 2313 vocalium
396 2262 587 2309 concursum
618 2245 771 2309 vitiosum
806 2245 969 2312 habuisse.
1034 2248 1175 2319 Plurima

90 2354 182 2415 certe
203 2345 360 2430 ejusmodi
382 2344 552 2421 viticmm,
585 2360 668 2429 quae
690 2343 787 2411 hodie
809 2346 842 2410 in
864 2348 941 2431 ejus
961 2350 1097 2436 scriptis
1117 2349 1175 2419 dc-

91 2446 352 2534 prehendontor,
382 2449 562 2509 correctum
584 2445 624 2508 iri
645 2444 832 2511 melioribus
852 2446 982 2514 cedatis
1002 2448 1177 2541 codicibus,

92 2551 210 2635 optime
253 2564 297 2615 ex
340 2544 503 2630 prooemio
546 2545 843 2630 antiquitatum
886 2546 1177 2633 aomanorum,

91 2650 176 2736 quod
204 2647 257 2713 Fr.
287 2644 488 2715 Ritschelius
515 2645 649 2710 Vratisl.
679 2641 796 2710 1838.
823 2643 875 2723 4..
900 2664 932 2714 e·
951 2647 1047 2717 codd·
1074 2646 1180 2739 optim·

92 2749 208 2826 edidit,
237 2746 357 2833 poterit
385 2745 536 2830 perspici.
602 2746 706 2832 Legis
738 2751 847 2812 autem
872 2746 918 2814 ibi
947 2766 977 2815 c.
1002 2748 1049 2815 ΙΙ.
1076 2750 1179 2819 nolti

92 2845 292 2931 ἐπηγάγοντο
315 2851 350 2912 et
370 2846 563 2911 καθελοῦσα
581 2842 686 2926 ἰσχὺν,
708 2847 763 2932 qui
784 2852 861 2913 sunt
882 2848 988 2915 minus
1007 2852 1178 2935 gravimos

93 2951 211 3029 hiatus,
232 2954 267 3014 et
280 2948 354 3012 fort.
369 2945 567 3031 apostropho
580 2945 726 3033 tollendi,
747 2946 807 3013 sed
821 2948 880 3013 111.
901 2969 960 3035 pro
980 2948 1129 3033 μάλιστα
1146 2960 1179 3021 du

93 3045 250 3131 θαλάττῃ
271 3043 449 3131 ἐκράτουν,
485 3046 613 3112 Ritsch.
635 3066 680 3113 cx
702 3045 772 3113 cod.
793 3045 942 3115 Chisian.
960 3046 1056 3143 (A.)
1075 3052 1179 3122 Vatia

94 3144 182 3240 (Β.)
212 3147 361 3213 Ambros.
392 3147 511 3213 Venet.
540 3142 677 3238 (ch.)
704 3147 807 3213 edidit
835 3145 981 3230 μάλιστα
1006 3146 1098 3243 [scr.
1118 3150 1179 3239 μά.

94 3244 204 3337 hrur')
226 3244 541 3333 ἐθαλασσοκράτουν
552 3294 563 3328 ,
605 3267 713 3335 neque
733 3248 840 3315 minus
864 3248 908 3315 ih.
932 3269 991 3335 pro
1017 3248 1094 3319 orire
1121 3248 1180 3323 iia

94 3355 148 3429 ἔτη
169 3349 355 3433 τριάκοντα,
378 3367 420 3413 ex
441 3351 482 3412 A.
504 3345 579 3413 οὐδὲ
599 3344 684 3438 (hoc
705 3347 899 3434 Schweigh.
919 3360 980 3437 pro
1000 3358 1083 3421 deth
1100 3352 1180 3431 οὔτε,

95 3456 130 3514 tu
145 3468 208 3516 scr.
230 3441 323 3537 odd]
346 3444 407 3514 ὅλα
427 3444 604 3536 τριάκοντα
626 3453 709 3528 (scr.
732 3446 912 3536 τριάκοντ’)
935 3454 1001 3530 ἔτη.
1046 3452 1095 3521 Β).
1117 3450 1182 3538 μά-

92 3574 177 3634 χιμα
199 3547 280 3615 ὄντα
302 3549 434 3616 retinuit
457 3556 491 3615 et
512 3549 612 3615 etiam
631 3569 659 3615 c.
678 3550 735 3615 vi.
755 3549 840 3634 κάμέ
859 3551 980 3618 εἰδέναι
1000 3558 1037 3619 et
1057 3552 1182 3621 autad

1 3678 4 3684 ·
95 3657 189 3735 ἔργα,
232 3647 293 3716 sed
315 3651 434 3735 corrigi
458 3655 620 3736 potestc.
643 3650 720 3716 Vll.
742 3656 788 3728 εἰς
807 3652 862 3734 opt
882 3647 902 3730 ri
922 3648 1050 3719 τούτων
1068 3656 1184 3737 γνῶσις

95 3752 201 3817 θιιηΒ
225 3755 260 3816 et
280 3750 400 3815 ch.
391 3770 423 3815 ιιι
445 3744 465 3828 ἡ
486 3745 610 3817 τούτοιν
640 3753 758 3832 γνῶσις
785 3756 830 3828 εἰς
856 3753 934 3835 cpi,
977 3754 1025 3821 oti
1052 3754 1096 3823 ib.
1125 3772 1183 3851 prii

94 3850 173 3937 πρὸς
194 3847 322 3928 τούτοις
349 3852 465 3929 συχνοὶ
493 3847 605 3932 ἄνδρες
631 3869 674 3916 ex
705 3853 744 3915 A.
771 3851 813 3917 B.
842 3852 933 3919 Fam.
964 3851 1086 3921 editum
1114 3860 1184 3923 edit

94 3953 210 4028 ονχνοι
231 3947 310 4036 πρὸς
330 3951 456 4026 τούτοις
476 3948 568 4036 άνὸρ
591 3956 627 4017 et
648 3970 674 4017 c
687 3952 779 4018 Vlll.
802 3972 863 4039 pro
879 3942 1104 4041 Ἀρχομαι
1064 3978 1125 4023 ουν
1144 3972 1185 4025 01

98 4051 138 4110 A.
160 4049 200 4111 Β.
224 4050 312 4114 ch.
331 4047 422 4135 Ἆρχ.
444 4052 502 4132 μὲν
525 4040 591 4116 οὖν.
605 4052 717 4118 lb
708 4074 740 4119 ln
763 4053 827 4121 fine
849 4054 930 4121 ferri
951 4054 1094 4143 petoni·
1116 4054 1187 4139 alpi
