2580 4514
560 127 837 196 ..u-

152 295 676 390 ldem124‚54.tnverois·
719 246 1244 399 ον’ὃὺνασθι(οοτ.δύναοθ’)

155 397 244 482 ὑμεῖς
264 403 396 479 ποιῆσαι
425 399 499 467 οὐδὲ
484 395 682 484 ἐβούλεσθε
710 406 786 485 posi
812 420 945 475 ποιησαι
972 417 995 463 ιι
1021 398 1162 465 Reiskio
1191 408 1244 467 cet

152 500 281 567 lactum.
323 502 441 588 Neque
462 503 567 568 minus
589 519 691 586 pansa
712 501 855 566 estibfi
847 519 879 564 rn
893 498 1025 565 veritis·
1045 489 1092 565 ὦν
1109 496 1223 565 οὐδ’
1201 524 1243 567 αν

111 674 114 679 .
153 599 326 687 ἆρνηθεῖεν
347 602 471 668 t‘uaeor‘
448 626 490 678 ως
512 599 573 667 οὐκ
594 590 656 666 τισὶ
676 603 819 666 τοιοῦτον
841 604 916 686 post
942 603 1022 665 ἔνιοι
1048 607 1106 667 out
1134 602 1180 668 ib.
1209 603 1241 669 in
1269 656 1271 660 .

152 704 281 772 verbis.
322 700 541 790 ἣφθὸνουῆ
562 700 769 783 σκώμματος
798 701 1020 767 Frotschcrus
1047 701 1179 788 quidem
1210 720 1239 769 c.

155 803 235 872 cod.
258 802 347 870 Σ.
328 829 349 882 η
371 804 493 884 omisit,
515 810 551 869 at
570 803 723 869 videntur
743 804 826 869 haee
847 803 1015 869 verbalis
1035 821 1120 889 quae
1140 808 1241 870 ante

153 905 275 971 cedam
293 909 417 992 μωρίας
437 902 457 982 ἢ
477 911 659 988 παρανοίας
685 903 897 989 respondere.
940 904 994 970 lta
1018 902 1120 970 etiam
1149 902 1241 987 too,

155 1003 219 1071 to.
240 1024 304 1070 non
326 1005 453 1071 edendo
474 1005 507 1071 in
527 1006 657 1072 verbis:
679 1001 803 1092 εὕρηκ’
828 1003 871 1070 ἂν
890 1001 1109 1070 reluctaturi
1129 1006 1241 1087 reret

152 1142 197 1157 -
217 1115 320 1170 ποιεῖν
339 1107 474 1171 &delete
519 1108 649 1172 Absont
670 1106 796 1193 quidem
817 1106 899 1171 haec
920 1104 1022 1170 verba
1043 1104 1085 1170 ab
1109 1104 1241 1191 optinio

153 1206 247 1273 codd.
260 1207 336 1273 Par.
351 1205 394 1271 ll.
411 1208 495 1291 Aug.
518 1208 577 1272 lll.
599 1206 678 1275 Obs.
702 1206 786 1273 Bav.
809 1227 884 1292 app.
901 1207 968 1270 ort
980 1203 1155 1294 oweno,
1175 1205 1237 1273 ned

150 1310 226 1394 jure
242 1308 457 1376 defenderunt
477 1327 519 1374 ea
540 1306 710 1375 Schaeler.
733 1306 936 1392 etlliidiger.
959 1306 1054 1371 modo
1077 1326 1143 1371 non
1165 1311 1241 1392 pont

153 1408 337 1492 γενήσεται,
359 1407 420 1474 sed
441 1417 518 1494 post
539 1409 733 1488 ποιήσοντας
756 1428 878 1497 ponaS,
904 1409 997 1491 cujus
1016 1406 1241 1475 collocutionis

152 1512 298 1596 vestigia
328 1511 453 1593 reperit
480 1511 597 1596 Riidig.
626 1513 660 1577 in
689 1512 809 1597 optimo
836 1509 958 1576 Dresd.
1009 1506 1104 1591 Quod
1132 1512 1241 1575 autem

83 1668 87 1675 .
152 1611 273 1676 hiatum
294 1611 425 1700 attinet,
446 1611 620 1682 excusabis
642 1630 713 1676 eom
734 1611 849 1679 eodem
871 1611 976 1699 modo,
1001 1629 1064 1696 quo
1085 1628 1189 1695 sopra
1207 1609 1241 1675 in

151 1708 628 1796 ὑπὲρο.1ο1ο11.οκοοοο1οοι
649 1712 755 1778 vides.
803 1711 921 1798 Incipit
947 1711 1032 1777 enim
1058 1728 1121 1797 per
1146 1710 1242 1777 ἕνεκα

151 1811 335 1895 sententia,
368 1831 431 1898 qua
459 1831 559 1879 causa
580 1833 708 1900 eorum,
736 1832 820 1900 quac
850 1811 1066 1898 antecedunt,
1097 1809 1254 1879 additur..

152 1912 269 1978 lleisk.
291 1913 352 1977 hac
372 1914 415 1979 de
436 1931 537 1981 causa
557 1923 633 2002 post
652 1912 755 1979 παλαι
775 1913 984 1999 interpunxit.
1013 1911 1132 1998 Neque
1144 1910 1242 1978 aliter

151 2032 274 2081 censeo
287 2014 322 2079 in
336 2014 408 2080 loco
427 2012 516 2094 129,
530 2013 592 2081 ta.
608 2015 650 2082 de
664 2016 793 2083 verbis:
816 2013 884 2081 odd
897 2018 934 2080 ut
947 2019 1059 2100 πέρασι
1073 2013 1241 2099 πρεσβεῖαι

152 2120 191 2179 αἱ
211 2117 281 2199 περὶ
293 2113 352 2194 τὴν
363 2113 613 2195 Πελοπόννησον
633 2123 752 2182 ἐκεῖναι
772 2119 828 2182 καὶ
845 2112 1242 2198 accommodabimus

151 2214 235 2282 liber
243 2215 411 2282 articulum
426 2222 502 2303 post
513 2219 679 2306 πρεσβεῖαι
686 2218 795 2306 habet,
810 2236 904 2304 qoem
914 2215 1028 2282 Reislr.
1042 2214 1166 2300 primua
1177 2212 1243 2283 ad·

152 2316 246 2405 didit,
261 2316 358 2404 idque
370 2324 472 2384 recte.
489 2316 645 2405 Explicat
658 2321 743 2385 enim
757 2326 865 2385 orator
879 2318 982 2383 verba
995 2321 1032 2382 ot
1044 2322 1156 2400 πέρυσι
1166 2337 1241 2401 πρε-

51 2408 55 2417 “
151 2417 259 2501 eperat
282 2418 347 2484 itae
369 2416 441 2484 dieo
456 2420 543 2485 circa
558 2419 816 2506 Peloponnesum
833 2419 909 2484 illac
931 2425 967 2484 et
986 2416 1240 2485 criminationes.

236 2518 306 2587 Sed
326 2519 362 2583 in
384 2519 456 2585 loco
482 2519 569 2586 tto.
594 2539 793 2608 nequaquam
814 2520 897 2586 lacio
913 2538 983 2584 com
998 2518 1166 2608 Bekkero,
1186 2520 1241 2607 qui

152 2638 195 2686 cx
216 2621 263 2686 Σ.
286 2621 389 2686 uerba
410 2623 457 2686 ita
477 2620 588 2687 dedit:
632 2619 696 2686 εἶτ’
722 2618 834 2687 οἴεσθ’
859 2617 978 2708 αὑτὸν,
1021 2616 1053 2684 οἳ
1082 2624 1240 2701 ἀποίνων

21 2802 24 2807 ,
150 2722 208 2803 μὲν
230 2719 323 2789 οὐδὲν
342 2719 462 2802 κακόν,
488 2720 532 2805 μὴ
553 2724 677 2788 παθεῖν
697 2721 728 2787 d⁰
753 2719 951 2810 ἐφυλάξαντ’
976 2719 1019 2788 ἂν
1045 2725 1142 2803 ἴσως,
1161 2721 1239 2789 τού-

151 2844 228 2897 τους
247 2823 305 2904 μὲν
325 2818 489 2900 ἐξαπατᾶν
510 2825 682 2908 αἱρεῖσθαι
708 2826 834 2906 μᾶλλον
859 2821 879 2902 ἢ
903 2827 1102 2908 προλέγοντα
1133 2822 1239 2910 βιάζο-

151 2923 257 3000 odor,
280 2941 351 2987 cum
373 2923 489 3006 vulgo:
509 2922 569 2987 εἶτ’
596 2926 720 3005 οἴεσθε,
742 2921 774 2989 οἳ
794 2927 852 3006 μὲν
871 2920 964 2990 οὐδὲν
981 2922 1023 2989 ἂν
1043 2922 1147 2990 αὐτὸν
1166 2926 1244 3007 &dog

151 3021 306 3102 uridncon
326 3024 458 3100 ποιῆσαι
480 3045 511 3087 ιι.
532 3049 561 3089 τ.
584 3027 612 3090 λ.
634 3026 809 3112 legeretur.
864 3025 1108 3092 Demosthenes
1128 3032 1238 3093 autem

152 3122 199 3187 ibi
221 3130 275 3188 eat
296 3123 591 3214 demonstratorum
632 3125 817 3212 Philippum
838 3146 902 3192 non
925 3126 1032 3193 solere
1053 3126 1116 3213 ilo,
1156 3146 1240 3213 quoe

151 3224 344 3289 subacturus
367 3226 431 3304 sit,
467 3224 583 3292 bellum
605 3227 770 3315 indicere,
810 3227 872 3293 sed
893 3228 1017 3293 artibus
1039 3234 1075 3293 et
1094 3226 1170 3293 dolo
1193 3229 1240 3295 uti

151 3342 233 3409 erga
253 3342 322 3389 eos.
369 3324 582 3407 Quamobrem
603 3333 699 3395 affert
719 3330 871 3415 exempla
890 3328 1124 3419 Olynthiorum,
1145 3329 1239 3405 Plec-

150 3443 257 3491 rarum
278 3431 313 3491 et
336 3424 499 3493 Oritanum
521 3436 557 3496 et
579 3432 700 3516 pergit:
729 3430 759 3494 si
781 3449 857 3518 eos,
883 3430 936 3515 qui
959 3430 1087 3496 etiamsi
1108 3430 1238 3497 voluis-

151 3531 238 3607 sent,
261 3545 303 3592 ne
324 3533 508 3614 potuissent
529 3531 656 3618 quidem
677 3532 743 3598 vim
764 3531 798 3598 vi
819 3530 991 3616 repellere,
1010 3529 1072 3596 sed
1094 3530 1240 3600 tortasse

150 3627 305 3693 siminus
326 3636 437 3697 astute
459 3633 601 3720 egisset,
623 3652 761 3714 cauere,
784 3650 826 3697 ne
848 3630 1095 3717 deciperentur,
1121 3634 1153 3697 si
1172 3632 1240 3721 igi·-¹

152 3735 204 3792 tur
232 3746 316 3813 cos,
360 3750 442 3816 quos
470 3735 571 3800 tutius
593 3753 783 3820 expugnare
804 3752 898 3818 qoam
921 3733 1076 3819 decipere
1096 3739 1240 3823 poterat,

151 3837 258 3894 tamen
280 3830 391 3897 maluit
412 3832 583 3922 decipere,
604 3835 680 3920 qnid
702 3835 796 3900 uobis
817 3835 925 3914 saciet,
947 3837 1001 3920 qui
1022 3835 1161 3920 possitis
1181 3854 1240 3903 rc·

150 3923 301 3996 sisteret
323 3930 415 4014 Quae
436 3955 506 4001 cum
528 3936 573 4000 sit
594 3936 755 4012 dicturae,
778 3936 874 4000 facile
897 3937 1094 4022 perspicia,
1125 3956 1185 4003 cor
1204 3938 1240 4005 in

149 4032 256 4100 altera
277 4036 445 4104 eontentio
465 4034 682 4117 ἐδυνήθησαν,
705 4036 789 4124 qnod
810 4036 1089 4118 madefaciunt,
1110 4036 1242 4107 adden-
