2580 4514
514 133 786 203 ..ιη-

110 303 177 375 his:
197 296 417 386 λυμαίνεσθαι
437 298 519 371 cidi.
561 298 633 369 Sed
654 297 745 384 692,
768 298 858 367 217.
879 319 938 388 pro
958 296 1080 369 νιελεάιι
1089 306 1192 369 altri&

111 400 174 495 (nl.
194 399 367 494 ἀπαιτεῖν)
392 405 531 490 πρῶτον,
560 403 702 470 fortasse
726 405 852 489 πρῶτον
880 409 984 469 αἰτεῖν
1011 396 1190 489 legendum.

109 505 143 592 §-
165 503 256 571 218.
283 511 391 571 autem
412 504 446 569 in
479 504 615 571 verbis:
649 502 719 573 ,οὐκ
745 506 785 586 ἐᾷ
813 501 853 593 [ὁ
878 500 996 594 νόμος]
1026 502 1132 587 νόμον
1157 506 1190 573 in

109 606 254 673 omnibus
264 625 342 671 mss.
356 605 453 671 obest
474 602 612 686 ὀνόμος,
634 610 669 671 ei
678 605 781 671 scium
794 607 828 671 in
843 604 940 672 editis
953 605 1075 691 iegitur
1087 606 1188 678 libris

31 776 34 789 ,
107 702 390 773 Addeodumesse
403 724 464 791 ego
478 724 604 792 quoque
622 725 752 783 censeo,
775 708 837 774 sed
850 712 886 771 ut
899 706 933 771 in
947 706 999 787 iis,
1020 724 1107 791 qnne
1128 724 1187 773 se.-

108 815 257 896 qnuntur,
275 808 407 891 legitor:
429 805 490 872 οὐκ
507 809 547 888 ἐᾷ
560 803 719 893 ψήφισμα
733 803 852 898 (scrib.
871 802 1038 897 ψήφισμ’)
1056 802 1187 890 ὁνόμοε

52 898 55 903 ’
107 910 156 975 ios
167 908 220 973 hie
232 927 359 994 quoque
373 908 433 973 οὐκ
446 909 485 989 ἐᾷ
496 905 596 989 νόμον
612 904 740 989 ὀνόμος
760 908 824 973 erit
841 907 1055 973 scribendum.
1098 904 1187 991 Ome

106 1005 441 1095 deniqoececaco.
455 1010 601 1093 ieguntur
615 1016 650 1073 ut
660 1009 761 1075 verbo
774 1010 873 1076 eiius:
887 1003 966 1091 δόξῃ
975 1004 1185 1075 ἀπεκτονέναι

107 1129 172 1177 non
187 1111 291 1195 magis
303 1109 478 1196 offendunt,
489 1128 583 1197 quem
594 1097 630 1174 εὖ
641 1116 718 1188 ἴστε,
730 1110 813 1196 qnod
826 1109 944 1175 deinde
957 1116 1012 1175 cst
1024 1110 1186 1196 scriptum
1200 1160 1205 1179 .

120 1264 124 1270 .
189 1211 230 1295 In
252 1212 398 1291 oratione
419 1217 533 1277 contra
553 1211 825 1278 Timocratem
848 1210 944 1291 701,
967 1210 1004 1275 ὅ.
1036 1210 1125 1296 legis
1142 1210 1185 1279 εἴ·

78 1398 81 1403 .
103 1336 159 1379 ναι
179 1310 231 1391 ὡς,
256 1312 339 1398 quod
362 1333 464 1400 panso
484 1312 676 1379 defenditur.
719 1312 791 1379 Sed
815 1302 906 1396 702,
928 1310 966 1378 Θ.
987 1334 1047 1398 pro
1069 1310 1186 1393 τὸνῦὴ

104 1420 149 1492 εἰς
170 1432 213 1481 ex
234 1415 319 1499 Aug.
341 1415 368 1481 1.
396 1412 489 1480 st.
517 1415 624 1480 scribe
652 1415 705 1499 δὲ,
749 1411 823 1478 sive
849 1414 957 1499 potins
982 1408 1014 1478 d
1026 1460 1037 1495 ,
1079 1414 1128 1481 nti
1151 1414 1188 1481 in.

104 1518 188 1601 Aug.
209 1516 234 1580 Ι.
256 1522 319 1581 est.
363 1514 470 1599 Magis
492 1516 590 1580 etiem
612 1514 794 1600 offendunt,
821 1533 904 1600 quoe
926 1511 1024 1603 709,
1044 1512 1108 1579 ³1.
1138 1514 1185 1583 lc-

102 1622 237 1701 gunturt
258 1617 324 1691 πῶς
346 1613 385 1681 οὐ
406 1618 557 1705 σχέτλιον,
573 1612 631 1693 τὴν
651 1617 709 1698 μὲν
729 1612 822 1681 πόλιν
842 1611 945 1693 αὐτὴν
958 1611 1186 1700 ειιάοτφῆμῶι

104 1717 273 1781 δεδωκέναι
295 1714 407 1781 ἄδειαν
412 1761 425 1796 ,
448 1723 602 1801 reeteque
622 1713 822 1782 Scheeserus
843 1716 968 1793 sensit,
989 1716 1108 1783 meiius
1127 1714 1185 1783 nri-

104 1814 164 1895 τὴν
192 1817 322 1883 obesse.
386 1814 460 1900 Ego
497 1818 633 1901 conjicio
661 1815 916 1883 Demosthenem
945 1832 1053 1902 neque
1086 1814 1187 1897 αὐτὴν

103 1917 299 2005 scripsisse,
327 1930 402 1983 nem
429 1936 486 1983 cnr
513 1919 650 1984 urbem
677 1919 807 2004 ipsam
828 1917 933 2003 dicet,
967 1936 1104 2004 prorsus
1124 1938 1187 1985 non

103 2018 200 2084 adest
221 2036 338 2107 causo,
359 2037 465 2105 neque
486 2015 585 2106 ἡμῶν,
606 2002 697 2102 cnjus
716 2019 786 2086 loco
810 2039 841 2085 v.
862 2018 963 2085 hebet
984 2016 1095 2107 ὑμῶν,
1115 2039 1186 2087 nem

102 2128 163 2185 suo
185 2117 311 2202 ἑκάστῳ
333 2126 448 2187 notnre
469 2120 540 2186 volt
555 2121 782 2209 Timocratem,
802 2119 864 2186 sed
885 2120 948 2185 iter
968 2121 1035 2196 noir
1055 2118 1098 2185 οὐ
1114 2110 1186 2199 σχι-

101 2222 191 2285 τλιον
223 2217 281 2297 τὴν
301 2221 359 2301 μὲν
386 2217 481 2286 πόλιν
508 2220 621 2286 ἄδειαν
646 2219 772 2305 έκάοτῳ
791 2221 970 2287 δεδωκέναι.
1001 2219 1101 2309 711,
1123 2217 1185 2287 84.

101 2340 206 2408 pause
227 2328 281 2387 est
302 2321 388 2388 inter
408 2320 498 2388 πόλει
520 2329 555 2389 et
577 2320 713 2400 οὐδενος.
738 2320 834 2393 713,
857 2318 920 2385 41.
941 2321 1028 2387 inter
1047 2342 1185 2405 προστι-

100 2426 232 2504 τίμιγται
253 2419 283 2500 ἢ.
308 2420 407 2502 714,
427 2421 491 2490 43.
514 2423 547 2489 in
568 2424 699 2489 verbis:
728 2420 790 2487 οὐκ
810 2418 931 2504 ἐνόμιζε
951 2420 1184 2489 δίκαιον-εἶιναι

98 2522 175 2601 τοὺς
202 2520 323 2599 αὐτοὺς
349 2525 414 2588 τῶν
443 2520 550 2605 copone
580 2520 885 2608 ἀναγεγραμμένοις
912 2517 1047 2605 ὕστερον
1074 2520 1185 2602 ἀετό-

97 2625 212 2704 θηοαν
247 2630 379 2713 κυρίους
409 2622 492 2689 εἶναι
524 2622 704 2707 ἀνενεγκεῖν
735 2625 786 2688 ἐπὶ
821 2618 878 2701 τὴν
904 2619 1025 2711 ἡμέραν
1050 2621 1119 2711 ἀφ’
1147 2612 1184 2703 ἧς

96 2727 260 2804 ἐτέθησαν
281 2732 316 2791 et
338 2725 501 2811 Tnylorus
523 2735 558 2793 et
579 2725 738 2793 Reiskius
759 2729 793 2789 et
807 2720 976 2808 Seegerus
996 2729 1033 2791 ei
1053 2722 1185 2791 smee-

97 2827 188 2893 ferus
214 2825 258 2892 de
277 2818 535 2910 interpunctione
562 2826 723 2911 panicium
750 2826 838 2890 inter
866 2843 905 2891 se
934 2824 1186 2914 dissentientes,

98 2927 132 2993 id
163 2933 272 2992 temen
294 2932 387 2991 recte
407 2926 560 2993 viderunt
588 2925 768 3008 ἀνενεγκεῖν
795 2925 837 2992 od
865 2923 942 3002 τοὺς
971 2922 1095 3003 αὐτοὺς
1122 2928 1185 2993 τῶν

97 3024 205 3110 νόμοιν
226 3044 305 3093 esse
326 3025 531 3094 referendum
553 3035 587 3093 et
608 3027 712 3095 verba
731 3024 1035 3113 ἀναγεγραμμένους
1055 3022 1185 3118 (nipe

96 3121 330 3217 γραμμένονς)
364 3147 467 3214 usque
495 3129 536 3195 ad
562 3126 644 3194 εἶναι
670 3128 712 3194 ad
741 3127 987 3212 significandum
1019 3128 1185 3215 singulare

95 3229 202 3313 legum
223 3246 328 3312 genus
357 3247 435 3295 esse
463 3229 593 3316 addito,
633 3229 681 3295 ito
705 3234 741 3295 nt
761 3229 921 3295 Reiskius
939 3229 1185 3317 interpungeret

96 3335 173 3416 post
194 3327 277 3393 εἶναι
298 3335 333 3397 et
345 3327 482 3415 Seager.
508 3331 611 3396 verba
631 3325 764 3418 ὕστερον
787 3348 889 3416 usque
910 3328 953 3397 ad
973 3327 1059 3394 εἶναι
1080 3338 1123 3419 ιιιΙ
1138 3330 1185 3397 le·

95 3429 148 3513 gis
169 3429 411 3516 inscriptionem
433 3430 554 3497 notulis
575 3431 715 3515 insignio
736 3430 829 3498 reddi
850 3430 953 3497 veliet
980 3430 1183 3516 improbante

95 3530 294 3618 Scheefero,
315 3533 370 3617 qui
391 3537 500 3599 tomen
520 3532 553 3598 id
575 3552 639 3598 non
660 3533 793 3617 negabit
798 3578 809 3616 ,
833 3532 1037 3618 perticipium
1056 3528 1183 3617 ἀναγε-

94 3638 298 3714 γραμμένους
318 3652 379 3717 per
399 3633 485 3698 etsi
505 3633 581 3700 sive
601 3633 737 3699 similem
768 3633 959 3718 perticulam
986 3652 1089 3719 posse
1103 3654 1184 3703 ‘ex-

94 3733 204 3818 primi,
247 3732 294 3799 ite
322 3740 357 3797 ut
385 3751 489 3817 penso
518 3733 675 3820 quaedem
704 3735 749 3799 sit
780 3741 855 3821 post
883 3734 978 3802 εἶναι..
997 3734 1100 3825 718,
1121 3735 1184 3805 117.

94 3829 286 3919 proconesi
307 3830 540 3921 εὐλαβούμενος
561 3855 581 3901 e
604 3835 674 3902 cod·
689 3855 719 3901 ε.
733 3837 844 3922 recipe
859 3832 988 3903 οὑτοοὶν
1001 3834 1068 3903 εάλ.
1092 3834 1185 3926 ῚΜ,

95 3931 159 4000 65.
173 3953 257 4000 nunc
277 3933 407 4019 quidem
429 3935 462 3999 in
484 3936 582 4002 editis
603 3936 694 4004 libris
710 3937 792 4015 hoec
808 3938 974 4022 leguntur:
995 3935 1184 4023 ὡμολόγηκε

93 4033 313 4124 γάρθατεμφ
335 4036 381 4118 τῷ
400 4043 545 4126 προτέρῳ
562 4033 651 4122 νόμῳ
664 4042 810 4105 ἐναντίον
824 4035 917 4105 τόνδε
928 4040 1035 4117 τιθεὶς
1047 4028 1185 4119 ἀδικεῖν,
