2564 4508
437 96 852 237 ⁴-asa-y1

140 295 249 363 αὐτῶν
269 296 327 377 τὴν
347 295 662 383 κακοπραγμοσύνην
684 304 836 385 corrupta
856 315 934 363 csse
950 299 1019 383 jam
1048 294 1151 378 vidit,
1178 316 1208 386 qr

142 400 176 464 in
197 414 298 483 marg.
320 399 392 465 cod.
416 401 513 465 Voss.
536 400 686 486 scripsit:
728 402 798 487 περὶ
823 396 881 464 τὸν
910 399 1113 477 Παλοῦντα,
1155 403 1208 464 loo

142 503 210 583 περὶ
231 496 457 585 τὸνἈπελλὴν.
501 501 682 566 Παλοῦντα
702 500 788 577 enim
810 505 944 586 propter
963 499 1069 584 ipsum
1095 498 1208 565 former

143 600 301 687 offendit,
345 603 419 687 quia
443 602 487 682 V,
519 602 555 689 3,
574 599 612 667 4.
643 599 748 679 ἡτῶν
776 601 952 666 Παλαιέων
979 596 1071 674 πόλις
1099 599 1208 684 tegitur

142 701 247 784 magis
274 706 382 766 tamen
401 704 533 781 ¹etiam,
576 702 719 788 quiade
751 701 818 766 alia
850 700 1089 766 consultatione
1124 708 1208 767 seror

145 821 308 867 essenon
331 809 449 887 potest,
473 801 557 867 uude
573 800 766 885 Schweigh.
787 803 945 888 explicat:
969 819 1020 866 ex
1043 801 1119 867 hac
1140 802 1205 887 ips

143 903 459 968 consultatione
482 903 529 968 ad
554 904 766 969 Patuutem
787 902 950 986 habita,
983 908 1019 967 et
1040 902 1115 988 quia
1136 901 1206 968 mod

140 1003 339 1086 praecessit.
361 1008 397 1068 ἐκ
417 1005 473 1082 τῆς
493 1007 562 1091 περὶ
583 1004 641 1082 τὴν
654 998 1126 1099 πολιορκιανὲθελοκακὴσεως.
1146 1002 1208 1068 Nat

142 1101 225 1167 haec
247 1106 443 1190 oppugnatio
465 1111 519 1171 est
531 1102 685 1188 ejusdem
707 1104 814 1190 ιιιλιίε,Ι
831 1106 927 1220 ‘cujus
948 1122 1086 1201 nornen)
1107 1104 1138 1168 si
1157 1086 1207 1170 eia

143 1202 336 1293 addendum,
352 1207 483 1291 potius
474 1226 507 1270 ru
524 1207 596 1282 hac,
618 1205 752 1289 utpote
743 1224 776 1268 ιιι
790 1205 898 1290 priore
913 1206 1089 1277 sententia,
1105 1184 1208 1271 adden

143 1302 216 1371 dum
240 1311 322 1370 erat.
365 1305 526 1391 Equidem
547 1307 645 1392 igitur
667 1305 861 1388 conjecerim
882 1326 941 1392 pro
963 1307 1146 1370 Παλοιλντα
1161 1304 1208 1369 Ρι·

142 1403 260 1488 lybium
282 1407 458 1493 scripsisse
480 1396 664 1482 λαλοῦντα,
688 1413 722 1469 ot
744 1407 909 1471 sententia
931 1406 994 1470 sit:
1028 1412 1094 1471 tum
1116 1403 1208 1472 ex'uf·

141 1504 316 1570 fectata'r
284 1529 316 1570 ιν
295 1509 415 1592 navia
437 1513 469 1572 in
487 1508 748 1624 oppugnatione,
788 1500 866 1589 er'go
889 1505 921 1570 iu
943 1506 1027 1571 mole
1049 1503 1208 1593 pugnando

143 1611 209 1671 tum
232 1626 273 1672 ex
296 1611 441 1704 oratione
462 1610 535 1691 ‘eJus
557 1608 589 1672 iu
612 1606 845 1692 consultando,
887 1625 966 1691 ergo
994 1606 1028 1671 in
1058 1604 1208 1725 loquendo

143 1710 249 1771 sensit
271 1727 375 1793 prava
397 1709 534 1773 hominis
552 1709 695 1774 consilia.
739 1696 877 1789 Quodsi
894 1705 1147 1792 probus,’ouroio
1158 1724 1208 1773 na

142 1824 214 1872 cum
236 1805 374 1888 delebis,
396 1808 480 1894 quod
502 1829 616 1894 saepe
626 1829 646 1874 a
667 1809 807 1874 librariis
829 1826 906 1874 esse
927 1807 1073 1874 additum
1094 1828 1157 1876 non
1175 1814 1208 1875 cn

142 1906 228 1992 quod
256 1909 364 1973 multis
386 1910 529 1975 doceam.
574 1910 645 1976 Sed
676 1913 732 1975 καὶ
760 1914 839 1976 aute
867 1915 903 1974 ἐκ
931 1929 997 1975 non
1028 1906 1208 1996 improbatis

141 2006 222 2094 Cap.
246 2008 325 2089 Vll,
352 2011 384 2075 1.
407 2012 440 2074 in
464 2010 594 2077 verbis·
625 2008 701 2086 τοὺς
722 2012 756 2075 δὲ
776 2009 825 2075 Αἰ
813 2008 947 2087 λτιιιλους
967 2008 1208 2088 &donatiouem

140 2118 210 2184 τοῖς
230 2132 370 2225 raperer
394 2111 469 2176 Vnt.
492 2112 575 2196 Aug
597 2119 632 2178 et
653 2110 735 2196 Reg.
759 2112 801 2175 A.
825 2132 874 2196 pr.
897 2129 981 2176 man.
1012 2106 1208 2197 particulae

139 2217 269 2296 carent,
288 2194 375 2278 sine
397 2213 492 2278 dubio
515 2214 590 2300 quia
612 2210 840 2299 antiquitusa
866 2219 958 2278 recte
980 2213 1039 2278 fuit
1060 2212 1202 2297 scriptun

142 2307 235 2390 Quor
257 2321 366 2378 autern
381 2310 573 2381 casaubono
595 2311 689 2379 hic
669 2315 800 2394 αμιλναι,
822 2312 960 2379 Reiskio
980 2306 1208 2403 ὲπικρυριῑνιιλ

138 2411 310 2495 ἐπαμύνειν
332 2415 387 2480 vel
408 2415 599 2499 ἐπιβοηθεῖν
621 2412 742 2479 deesse
764 2412 955 2491 videtur,
946 2433 983 2480 ιιι-
1001 2433 1042 2480 eo
1064 2416 1128 2479 ἰιιιιι
1149 2428 1208 2478 con·

13 2536 25 2553 ι
141 2515 274 2602 sentio,
295 2511 467 2580 ἀδυνατεῖν
489 2516 574 2581 euim
596 2513 649 2579 hic
670 2532 711 2579 ea
732 2515 768 2579 vi
790 2521 844 2580 est
864 2513 999 2592 dictum,
1019 2521 1056 2580 ut
1077 2515 1140 2579 sit:
1160 2513 1208 2579 in

140 2633 263 2701 pares
292 2633 397 2681 esse.
430 2615 465 2680 2.
491 2616 619 2699 corrige
641 2615 690 2693 δὲ,
711 2605 742 2698 ᾖ.
775 2613 811 2680 7.
839 2616 889 2694 δὲ,
910 2620 956 2680 ἐκ.
980 2614 1080 2701 vill,
1104 2611 1140 2680 6.
1159 2606 1208 2679 roi

139 2738 217 2780 ποτε
236 2721 288 2792 εἰς.
314 2715 348 2780 7.
370 2715 410 2781 τὸ
431 2713 527 2799 ἱερὸν.
550 2716 615 2795 ΙΧ,
636 2711 674 2780 9.
702 2739 737 2780 τε
763 2713 817 2781 ὧν.
846 2716 888 2793 Χ,
920 2715 954 2781 7.
982 2715 1026 2781 τὰ
1054 2712 1134 2800 ἱερὰ.
1167 2708 1208 2778 16

139 2816 183 2893 δὲ,
204 2816 267 2881 ἵνα.
289 2815 384 2904 ΧΙΙΙ,
407 2814 443 2882 6.
467 2823 501 2883 et
523 2816 614 2896 xlv,
640 2813 701 2880 10.
725 2817 759 2880 δὲ
780 2813 829 2880 οὐ.
853 2816 913 2903 XI,
929 2814 967 2882 8.
988 2837 1072 2882 nunc
1089 2836 1133 2882 ex
1146 2814 1208 2899 Aug

144 2914 266 3003 editum
302 2922 354 2981 est
389 2912 440 2981 ὅτι
477 2915 494 2982 ὁ
524 2917 682 2991 Φίλιππος
695 2916 707 3002 ,’
751 2934 823 2981 cum
859 2915 934 2981 edd.
971 2937 1014 2983 ex
1041 2916 1137 2983 Bav.'
1151 2915 1208 2981 den

46 3022 65 3047 ·¹
140 3010 202 3079 ὅθ’
227 3013 244 3078 ὁ
270 3015 343 3082 Φίλ.
387 3017 533 3097 „Eodem
555 3014 685 3095 modo‚“
708 3017 832 3082 scribit
853 3013 1062 3100 Schweigh„
1093 3012 1208 3104 „esti

144 3115 219 3181 Vnt.
241 3116 301 3182 sed
322 3120 546 3204 superscripta
568 3120 664 3183 litera
684 3143 705 3181 τ
725 3139 824 3204 super
846 3113 914 3182 ὅθ’.
959 3116 1053 3183 Unde
1073 3104 1208 3200 inteiti'gi

142 3223 213 3301 tur,
254 3219 308 3304 qui
329 3221 448 3284 facturn
470 3223 529 3298 sit,
572 3225 608 3284 ut
630 3215 713 3283 ὅθεν
734 3241 768 3282 τε
790 3215 808 3282 ὁ
832 3217 990 3294 Φίλιππος
1011 3217 1133 3285 habeat
1154 3214 1208 3285 Uri

143 3316 180 3382 in
202 3320 286 3402 Reg.
310 3320 353 3384 A.
375 3319 446 3383 miri
468 3327 544 3385 sunt
565 3319 682 3385 ductus
704 3320 885 3404 scripturae
907 3337 1007 3402 super
1029 3314 1099 3405 ὅθ’,
1140 3322 1208 3404 putu

142 3421 290 3505 quoniam
312 3421 461 3485 librarius
483 3441 545 3487 nou
567 3421 780 3488 intellexerat
802 3420 867 3486 vim
888 3419 1094 3504 scripturae,
1137 3435 1208 3507 qun¹

140 3519 175 3584 in
197 3521 378 3606 exemplari
399 3521 538 3601 invenit,
560 3541 643 3609 quae
666 3521 781 3588 eadem
803 3521 905 3585 fuisse
927 3521 1058 3586 videtur
1079 3517 1208 3606 atquei

144 3620 220 3687 Vat.
263 3621 301 3687 ln
324 3623 411 3687 Flor.
433 3619 489 3712 (ni
511 3622 625 3688 fallunt
645 3617 786 3711 indicia]
809 3627 865 3687 est
892 3617 942 3684 ὅτι
966 3619 1127 3698 Φίλιππος
1152 3619 1208 3687 aba

142 3741 205 3807 que
238 3722 419 3787 articulo.“
463 3722 624 3809 Equidem
658 3720 720 3788 ὅθ’
746 3720 764 3787 ὁ
792 3741 906 3788 verum
936 3740 1014 3787 esse
1041 3722 1146 3797 duco,
1166 3738 1208 3807 qu

143 3822 186 3888 de
220 3841 285 3886 usu
322 3842 353 3886 v.
391 3822 508 3888 Matth.
548 3821 607 3888 Gr.
641 3844 691 3907 gr.
727 3820 816 3889 624.
853 3823 951 3911 XIV,
988 3821 1046 3886 11.
1088 3840 1208 3901 curret

141 3921 332 4007 Schweigh.
356 3930 508 3995 monente
529 3923 666 3992 Reiskio
688 3921 766 4009 πρὸς
788 3925 847 3988 τοῦ
865 3921 1037 4004 Ἀπελλοῦ,
1077 3943 1147 3990 curn
1167 3936 1208 3989 ve

136 4029 231 4089 teres
255 4021 352 4088 mssti
373 4042 486 4090 ornnes
507 4023 625 4092 darent
646 4022 725 4110 πρὸς
746 4024 805 4089 τοῦ
824 4021 973 4106 Ἀπελλῇ,
1016 4026 1103 4112 quod
1125 4023 1208 4093 editt
