2580 4514
501 153 775 217 —153-

92 322 192 407 igitur
213 322 386 390 Beckerns
407 316 450 410 (l.
473 321 493 384 l.
518 342 549 406 p.
572 316 687 410 464.)
718 323 868 406 quemvis
892 323 970 388 aliis
999 322 1041 389 de
1073 324 1184 389 causis

91 423 228 508 statuit,
271 441 349 488 esse
379 421 464 487 hanc
486 422 663 487 orationem
694 422 727 487 iu
749 422 871 512 schola·
885 423 1063 488 exercendi
1083 443 1184 489 causa

93 523 287 588 consectam
331 520 423 603 Quod
445 529 552 587 antem
574 521 660 587 idem
682 523 734 588 vir
755 522 870 588 doctus
885 525 1091 589 memorabile
1108 543 1185 589 esse

93 624 191 704 dicit,
236 623 321 709 qnod
348 624 402 688 hic
424 621 558 688 eaedem
580 623 650 687 lere
672 623 887 708 querelaede
909 626 1049 690 moribus
1073 626 1183 690 Athe-

93 725 255 790 niensium
277 745 369 810 qoum
391 724 425 788 iu
447 731 554 789 terras
574 725 733 789 sociorum
749 724 954 809 appellerent
975 711 1184 814 (p.1231.]

95 826 322 910 reperiantur,
365 845 447 909 quas
475 830 509 888 in
538 824 685 889 lsocrute
707 824 819 909 legas,
862 825 897 890 id
919 846 982 890 nou
1005 827 1182 890 miraberis.

97 925 162 1006 Qui
184 926 269 990 enim
292 926 471 991 lsocrotioo
492 925 622 990 dicendi
643 944 767 1008 genere
790 945 868 991 usus
889 933 954 1011 est,
974 926 1071 991 {soils
1089 928 1185 991 etiam

92 1025 250 1093 imitando
271 1045 312 1092 eo
333 1025 486 1111 progredi
507 1031 656 1110 poterat,
674 1033 710 1091 nt
731 1025 876 1109 ejusdem
899 1033 1044 1092 uteretur
1066 1045 1186 1110 quere-

95 1127 148 1191 lis.
194 1125 247 1191 De
269 1129 415 1192 oratione
442 1125 584 1210 denique
614 1126 778 1193 adversus
804 1127 962 1192 Boeotum
990 1125 1031 1191 de
1059 1127 1186 1190 nomine

94 1227 223 1312 scripto
239 1230 308 1310 jaon
332 1225 512 1311 Dionysius
535 1223 714 1316 (Dinarch.
737 1247 764 1292 c
792 1223 876 1316 13.)
909 1225 1069 1305 ostendit,
1113 1245 1185 1291 eam

93 1335 189 1393 certe
210 1325 378 1392 Binoocbo
399 1347 464 1393 nou
487 1346 566 1393 esse
588 1327 791 1393 tribuendam
823 1345 929 1413 neque
956 1328 1048 1403 satis,
1068 1326 1186 1392 idonea

94 1428 220 1495 edesse
240 1429 373 1495 videtur
394 1447 511 1514 causa,
543 1447 600 1493 cur
620 1428 675 1493 alii
697 1429 855 1495 tribuatur
875 1428 1011 1505 auctori,
1042 1446 1072 1491 ν.
1097 1427 1186 1492 We-

92 1537 274 1595 stermaun.
298 1530 386 1594 llist
410 1526 468 1592 Gr.
492 1529 596 1614 eloqu.
620 1549 651 1613 p.
677 1529 768 1595 303.

180 1629 276 1711 Qube
297 1648 370 1715 pum
391 1630 438 1695 ito
459 1630 541 1713 siut,
584 1630 763 1712 concedes,
798 1629 1055 1698 Demosthenem
1078 1631 1112 1694 in
1134 1629 1185 1694 bis

96 1750 227 1818 quoque
247 1731 432 1799 forensibus
451 1733 489 1796 et
509 1730 551 1796 de
573 1730 713 1816 privatis
736 1731 847 1798 causis
876 1731 996 1797 habitis
1026 1731 1190 1797 orationi·
1247 1793 1249 1798 .

96 1834 159 1900 bns
181 1833 339 1899 vocalium
361 1844 550 1898 concausam
572 1832 708 1920 fugisse,
728 1833 827 1919 idque
847 1833 1031 1919 perspicies
1051 1829 1186 1918 praeter

97 1935 266 1999 orationes
288 1933 448 1999 tutelares
470 1953 513 1998 ex
535 1934 683 1999 oratioue
704 1941 817 2000 contra
838 1935 1079 2019 Zenothemis,
1101 1953 1185 2018 quoe

98 2052 120 2098 a
141 2032 367 2107 Demosthene
389 2053 447 2118 pro
469 2039 584 2117 patruo
606 2055 665 2099 sno
687 2033 912 2120 sst‘scripta,
933 2055 967 2100 v.
990 2034 1093 2099 locun
1115 2051 1187 2096 rne-

68 2178 71 2186 1
99 2135 288 2200 motabilem
309 2129 408 2207 890,
431 2132 480 2198 31
505 2139 543 2199 et
564 2129 628 2197 38.
648 2139 686 2198 st
706 2154 790 2220 quae
811 2135 939 2222 quidem
957 2134 1071 2221 plures
1091 2151 1188 2219 onam

99 2235 249 2320 publicae
272 2236 436 2301 orationes
456 2234 558 2299 babet
577 2233 698 2322 hiatus,
712 2239 883 2321 panciores
904 2245 1024 2321 tameo,
1045 2253 1140 2320 quam
1154 2233 1188 2296 in
1230 2314 1232 2321 γ

101 2335 237 2402 aliorum
259 2337 401 2420 scriptis.
446 2333 518 2416 Qua
539 2335 582 2401 de
604 2338 749 2403 oratioue
771 2357 863 2402 uerno
883 2337 990 2402 adnuo
1012 2333 1185 2399 dubitavit.

101 2436 194 2502 ldem
216 2446 269 2503 est
291 2437 462 2503 dicendum
485 2438 526 2502 de
555 2438 703 2503 oratione
737 2444 851 2504 contra
868 2434 1057 2513 Calliclem,
1101 2453 1184 2519 quae
1278 2451 1280 2454 ’

101 2545 236 2622 praeter
260 2557 344 2625 eos,
385 2539 440 2624 qui
472 2537 567 2604 focile
603 2547 741 2624 possunt
770 2539 945 2619 excusari,
964 2534 969 2539 ’
986 2536 1092 2602 nullos
1126 2535 1190 2598 lra-

99 2638 162 2702 bet
192 2639 305 2703 bintus
334 2647 369 2704 et
397 2639 587 2724 simpliciter
616 2640 742 2724 uiridem
770 2639 830 2703 sed
861 2638 945 2702 bene
973 2642 1027 2702 ost
1054 2635 1186 2718 scripto.

106 2737 198 2802 ldem
220 2737 360 2824 denique
373 2738 542 2804 dicendum
557 2738 599 2805 de
611 2741 760 2805 oratione
775 2739 938 2804 adversus
951 2735 1115 2802 Cononem
1128 2752 1190 2798 nec

98 2858 169 2904 noo
184 2840 437 2906 Nausimachum
459 2847 494 2906 et
508 2837 667 2924 Spudiam
688 2847 723 2905 et
737 2840 985 2924 Pantaenetum‚
1007 2835 1048 2901 de
1074 2834 1190 2922 (litibus
1226 2836 1228 2840 ’

102 2959 170 3004 non
192 2947 245 3006 est
267 2959 465 3029 equaquam
493 2941 671 3031 dubitatum
691 2947 726 3006 et
748 2959 833 3027 quoe
854 2959 966 3006 omnes
989 2936 1188 3003 Demosthe-

101 3041 208 3106 nicum
231 3042 369 3126 simplex
392 3049 426 3107 et
444 3042 646 3128 perspicuum
662 3041 792 3108 dicendi
802 3059 909 3127 genus
924 3052 1003 3126 prae
1019 3059 1058 3105 se
1073 3038 1191 3103 terunt.

188 3141 448 3210 lucrationibus
470 3143 608 3229 denique
630 3142 876 3212 demonstrativi
891 3143 1034 3234 generis,
1055 3140 1097 3208 de
1119 3139 1192 3226 qui-

103 3243 164 3308 bus
185 3243 219 3308 in

469 3381 631 3487 Capite
668 3395 820 3484 quarto
918 3343 920 3346 -

172 3517 211 3566 de
237 3518 329 3568 blato
353 3521 386 3569 in
414 3521 662 3575 Demosthenis
687 3526 823 3574 cete-rto
847 3527 997 3588 scriptis
1021 3527 1117 3576 etde
1189 3514 1194 3521 ’

543 3608 752 3671 apostrophe

84 3766 209 3834 ,agam
232 3751 390 3818 ‘babemus
412 3755 639 3821 orationem
660 3754 887 3841 funebrem,
910 3760 943 3825 iu
958 3779 1028 3848 oua
1045 3759 1194 3846 leguntur

102 3850 229 3915 biatusz
256 3849 369 3931 1390,
390 3851 427 3918 4.
451 3851 687 3938 ὁμολογοῦνται
700 3854 792 3922 εἶναι.
808 3853 850 3924 ’6.
866 3856 966 3942 λόγου
977 3859 1117 3937 ἄλοπον,
1139 3860 1193 3924 ubi

102 3951 219 4017 Reisk.
242 3950 349 4035 λόγων
367 3959 485 4035 tuetrn,
508 3962 676 4043 utrumque
690 3958 776 4023 euim
790 3957 939 4042 λόγοοθῐ
955 3956 1060 4041 λόγων
1073 3960 1193 4044 legitur

101 4053 136 4118 iu
163 4051 245 4120 llav.
267 4060 301 4120 et
314 4050 377 4144 bl,
397 4054 444 4122 ita
458 4062 494 4123 ut
506 4055 583 4124 milri
596 4075 724 4143 quoque
736 4058 1100 4144 tdyorpraelerendum
1114 4080 1193 4136 esse
