2564 4508
396 206 742 273 ‘·-41-

51 373 172 456 τοοςῆ
200 379 266 442 τῶν
297 373 381 458 μετὰ
405 382 525 462 μέτρου
555 373 750 457 ποιημάτων.
787 376 886 458 'Quod
914 382 1035 443 cirtem·
1049 375 1142 462 218,

55 475 122 544 52.
145 476 231 543 ὥστε
252 478 328 543 oret
347 476 483 562 iegitur,
503 474 537 541 id
555 474 670 541 eadem
695 476 822 543 ratione
834 478 1007 563 .corriges,
1027 479 1146 564 quain

55 579 131 645 aliis
153 578 354 644 erationibus
374 575 599 661 corrigendam
628 596 708 645 esse
736 577 842 643 dccci.
885 575 1001 644 Obiter
1026 576 1146 645 addam

57 674 485 763 21³‚1ategituea
526 708 530 723 ·

140 781 182 846 in
204 776 407 845 Busiride
427 796 530 863 panca
551 777 711 866 quaedam
731 783 860 845 natant
878 779 961 847 vitia
975 776 1067 869 220,
1081 777 1145 846 30.

58 881 107 959 di,
128 878 148 947 ὁ
170 880 223 949 nbi
245 900 369 946 cemma
390 879 467 945 dele
489 876 574 944 eid
599 879 715 945 scribe
757 876 884 945 Similia
915 888 1065 947 correcta
1092 883 1146 949 vi-

58 979 260 1070 ἆεδίε220,
287 977 344 1047 12.
367 977 459 1058 221,
485 978 545 1046 15.
570 977 630 1045 16.
653 976 748 1058 225,
771 977 836 1046 22.
859 978 951 1055 226,
964 980 1028 1047 23.
1053 979 1146 1071 227,

60 1079 124 1149 50.
152 1078 253 1170 220,
279 1077 344 1147 42.
370 1079 438 1147 43.
458 1079 525 1146 45.
568 1079 671 1147 l'nrro
700 1078 801 1167 227,
828 1078 956 1146 28..το
982 1081 1084 1160 ἄλλην
1112 1091 1147 1151 et

60 1179 125 1267 22,
146 1180 219 1249 οἶόν
238 1207 274 1247 τε
294 1178 457 1268 ἀπιστεῖν,
476 1200 584 1268 neqne
604 1183 709 1247 minas
734 1179 834 1268 230,
856 1179 919 1245 50.
947 1184 1082 1248 πλεῖστα
1101 1190 1145 1250 cl-

60 1279 171 1349 δότον.
226 1282 332 1349 Vides
360 1288 452 1348 certe
480 1302 565 1349 nnnc
593 1282 710 1348 similia
739 1289 887 1347 correcta
916 1279 1013 1360 222,
1040 1282 1078 1349 4.
1112 1285 1147 1351 in

61 1379 212 1468 προσόντ’
239 1381 444 1469 ἀποφαίνειν.
465 1380 544 1448 223
551 1430 562 1466 ,
585 1381 647 1448 10.
679 1384 713 1447 in
739 1379 811 1464 μέγ’
843 1378 1026 1468 ἐφρόνησεν.
1055 1381 1147 1472 226,

61 1482 121 1549 24.
141 1485 175 1549 in
196 1479 260 1549 τιν’
285 1481 400 1567 ἀρετήν
422 1492 457 1551 ei
479 1481 580 1567 228,
602 1481 667 1549 35.
690 1483 723 1548 in
744 1478 801 1547 τίν’
826 1479 878 1547 εἰν.
919 1483 1046 1550 Mutata
1066 1493 1143 1552 sunt

62 1584 160 1651 etiam
182 1581 281 1664 225,
304 1584 367 1650 25.
387 1585 537 1669 vulgata:
560 1585 610 1649 ἐπὶ
630 1578 674 1647 τό
693 1583 847 1667 βέλτιστα
868 1580 959 1662 ἔταξε
978 1585 1011 1650 in
1031 1588 1082 1651 ἐπὶ
1103 1584 1146 1652 τὰ

61 1694 197 1768 μέγιστα
216 1687 282 1751 τῶν
302 1683 501 1771 πραγμάτων
523 1683 656 1771 ἔταξαν,
676 1681 774 1767 226,
798 1680 859 1749 25.
885 1685 991 1768 vntg.:
1012 1687 1069 1750 καὶ
1087 1710 1145 1751 σε-

63 1787 145 1869 μνός
164 1788 234 1867 περὶ
256 1789 361 1852 ταῦτα
381 1791 511 1866 ἔχουσιν
531 1788 564 1853 in
585 1787 655 1871 περὶ
676 1786 781 1850 ταῦτα
803 1786 859 1849 καὶ
880 1806 966 1865 σεμν.
984 1789 1032 1862 dx.
1073 1787 1146 1855 Sed

63 1883 157 1964 226,
181 1883 244 1951 21.
286 1886 475 1954 Bekkerurn
497 1907 540 1955 ne
562 1905 701 1973 sequere
722 1885 935 1951 scribentem
962 1887 1069 1952 δοκεῖ-ν
1099 1887 1144 1954 εἶ-
1268 1896 1271 1901 “

63 2010 114 2053 ναι
133 1984 362 2074 ἀκριβεστέρας
382 1991 446 2054 τῶν
467 1985 721 2073 συμβαινόντων,
742 2007 813 2053 earn
835 1987 933 2070 vulgo
955 1986 1145 2075 etSeapim

62 2087 141 2154 εἶναι
163 2090 272 2153 δοκεῖν
293 2081 367 2176 ἆνερ.
386 2112 414 2154 τ.
438 2115 468 2155 ο.
503 2090 614 2157 Urbin.
640 2095 748 2153 autern
776 2089 883 2169 dcxciv
909 2087 992 2153 εἶναι
1018 2091 1145 2169 μείζους

64 2189 179 2255 amisso
206 2190 273 2253 τῶν
300 2189 396 2272 σομβ.
416 2190 528 2257 Amba.
557 2192 625 2255 ὃοκ.
657 2188 713 2255 εἶν.
742 2189 820 2270 μεεζ.
840 2212 870 2252 τ.
891 2190 987 2272 σομβ.
1013 2189 1146 2270 hamat.

63 2308 153 2377 quem
174 2289 264 2355 Bait.
285 2295 322 2354 et
340 2291 466 2379 Saupp.
484 2301 577 2358 recte
598 2297 675 2356 sant
696 2290 813 2381 secati.

144 2389 352 2458 lucratione
378 2389 420 2458 de
442 2391 757 2459 Permutaticne
785 2393 861 2456 sive
887 2390 921 2455 in
949 2391 1145 2461 Antidcsi

64 2490 156 2557 facile
177 2491 324 2576 corriges
343 2493 452 2580 icens,
471 2494 587 2580 quales
607 2498 685 2559 sunt
706 2491 738 2557 in
760 2499 854 2576 parte
875 2512 919 2557 ex
940 2482 1145 2579 Panegyrico

65 2593 201 2679 repetita
221 2595 320 2678 vnigo
341 2605 377 2660 et
397 2594 482 2681 apud
496 2592 662 2680 Oreitinm,
683 2590 857 2657 Bekkcrus
878 2591 966 2658 enirn
986 2592 1050 2658 has
1066 2614 1145 2680 par-

66 2700 114 2761 tes
133 2694 257 2774 annii,
278 2694 313 2761 dd
332 2699 386 2772 ἐν,
406 2713 480 2761 nam
502 2695 534 2761 in
555 2692 681 2777 Paneg.
704 2689 779 2776 55,
804 2690 867 2757 71.
888 2712 939 2778 ap.
956 2693 1069 2759 Beki.
1091 2696 1144 2763 le-

66 2793 197 2880 gitnrd'
221 2801 277 2878 dx,
299 2813 396 2880 porro
417 2797 451 2860 dt
466 2794 581 2873 Ἄθω,
603 2793 688 2880 qnod
710 2793 743 2857 in
765 2793 888 2877 Paneg.
912 2790 982 2882 58,
1003 2790 1070 2860 89.
1091 2816 1144 2883 ap.
1224 2802 1226 2805 ’

10 2956 12 2963 .
66 2894 167 2963 acin
187 2896 221 2964 in
243 2891 271 2960 δ’
289 2895 388 2962 :idn
409 2901 464 2962 est
484 2902 647 2963 mutatum.
690 2891 769 2959 Cnd.
782 2894 878 2959 Lanr.
894 2895 1043 2961 habetd
1066 2896 1145 2964 ἄτω.
1202 2939 1207 2946 ·

22 3080 26 3089 Ι
66 2994 189 3065 Deinde
210 2998 245 3062 et
265 3001 330 3077 εἰς,
351 2997 436 3085 qnod
457 3017 511 3084 ap.
534 2997 642 3062 Bekk.
662 2996 695 3061 in
720 2996 842 3080 Paneg.
864 2992 934 3074 67,
957 2992 1019 3061 97.
1040 2998 1144 3065 este*

57 3103 113 3175 εἰς.
154 3098 259 3165 Aliud
277 3099 312 3163 δὲ
333 3104 378 3176 εἰς
398 3098 485 3184 apud
506 3095 607 3164 οτεΙΙ.
637 3105 672 3165 et
699 3097 737 3162 in.
756 3098 879 3181 Paneg.
906 3095 976 3176 53,
999 3095 1064 3166 60.
1090 3100 1146 3166 ¹le-

66 3199 163 3283 gitar,
190 3200 253 3266 sed
274 3206 412 3266 veteres
432 3199 504 3264 iibri
525 3201 560 3265 in
579 3198 689 3265 Antid.
713 3199 833 3265 habent
852 3195 885 3263 δ’
907 3202 970 3285 εἰς,
998 3198 1032 3264 id
1061 3202 1147 3288 qued

66 3301 145 3367 cadit
166 3302 198 3366 in
220 3301 255 3366 di
275 3297 462 3387 danqned
491 3296 592 3365 Oreli.
615 3307 649 3365 et
670 3298 779 3364 Bckk.
802 3300 836 3365 in
858 3296 983 3383 Paneg.
1001 3298 1064 3380 54,
1079 3300 1145 3368 68.
1215 3368 1219 3377 ,

68 3400 197 3481 hbent,
224 3401 259 3467 in
286 3401 428 3487 antiquis
450 3407 558 3467 tamen
580 3400 693 3467 antid
722 3400 811 3466 tibris
839 3396 949 3464 esici
983 3396 1062 3482 ἅμα.
1106 3404 1147 3470 1ο

68 3498 157 3588 parte
176 3520 220 3569 ex
241 3508 323 3569 crat
344 3501 387 3570 de
409 3500 498 3569 Pace
520 3501 624 3588 petita
644 3501 678 3567 in
699 3499 812 3566 Antid.
841 3506 1032 3569 constanter
1060 3504 1146 3590 legi·

68 3608 114 3671 tn
136 3605 173 3670 61
199 3600 495 3691 acarnaniam,
538 3602 598 3670 sed
624 3621 677 3688 ap·
700 3600 806 3668 Beki.
827 3601 860 3667 in
881 3607 964 3668 orat.
991 3603 1034 3672 de
1055 3605 1146 3673 Pace

70 3700 157 3786 168,
178 3701 295 3770 ter
319 3701 600 3791 ἐπικεχειρήκαμεν.
643 3703 726 3770 inid.
750 3722 834 3771 nunc
861 3722 914 3788 ap.
938 3700 1039 3770 Oreii.
1069 3705 1146 3773 edi-

68 3808 126 3871 tam
145 3810 200 3873 est
221 3806 256 3870 dd
277 3802 536 3894 αὐτοκράτορας,
570 3804 630 3870 sed
652 3806 684 3871 in
707 3805 778 3871 libr.
799 3811 877 3869 ante
902 3800 1002 3869 01611.
1025 3808 1059 3872 dd
1081 3824 1144 3871 nen

66 3911 129 3987 cst,
170 3904 299 3973 Coraca
318 3907 416 3991 igitar
436 3904 465 3972 δ’
492 3905 583 3973 uncis
605 3906 760 3973 inclusum
781 3904 888 3982 dedit,
922 3910 959 3971 et
980 3904 1084 3971 Bekk.
1111 3906 1144 3970 in

66 4014 143 4074 0111.
163 4006 209 4074 de
221 4006 311 4075 Pace
327 4005 416 4094 170,
438 4004 503 4073 55.
522 4006 549 4072 d’
573 4004 826 4094 αὐτοκράτορας.
869 4002 910 4070 Si
931 4014 1040 4071 antem
1052 4002 1146 4092 320,

66 4103 125 4176 id.
144 4127 234 4178 nnnc
253 4126 278 4177 a
300 4104 406 4178 aaa.
427 4126 472 4178 ex
493 4108 571 4179 Urb.
598 4117 667 4185 τοῖς
694 4109 729 4174 δὲ
762 4105 874 4179 ἄλλοις
899 4104 961 4186 ida
985 4110 1146 4190 αραινον
