2564 4508
150 292 360 380 Hesychius,
402 286 624 372 Καιομοης,
666 283 750 376 ἥρως·
776 283 865 380 (ιιι.
884 248 1103 379 maeotim
1128 284 1245 372 νοιιῳ

150 385 396 485 (ενα-ναοῖο)
421 394 566 470 πλησίον.
617 388 778 475 Equidem
806 389 989 453 censuerim
1015 388 1152 474 primum
1182 408 1242 475 prc

148 492 232 582 ἥρωι·
249 513 320 559 carn
343 492 521 576 Apollonio'
538 489 745 556 scribendum
765 507 843 554 esse
865 484 959 573 ἡρῴῳ
981 494 1016 554 et
1036 486 1243 572 Kuiucplrtv

149 600 207 661 ant
237 611 317 661 esse
342 591 545 658 retinendum
554 637 567 677 ,
610 590 720 656 hiatus
747 591 831 655 enim
852 590 927 675 quia
948 589 1032 655 baec
1052 591 1116 656 duc
1138 592 1244 659 verba

150 716 244 760 unum
265 693 360 779 quasi
381 693 582 758 conformant
601 710 735 771 numen,
755 692 869 756 minus
896 690 1048 776 offendit,
1075 697 1139 757 aut·
1153 690 1249 777 quod-

149 795 257 860 malim
278 795 311 857 in
333 791 533 874 Καλαμίὸος
559 793 763 879 mutandum,
796 797 833 856 ut
851 791 972 856 mentio
994 791 1047 856 bic
1068 791 1128 856 liat
1147 791 1242 858 ccle-

151 895 282 962 berrlmi
302 894 399 958 istius
419 894 570 959 statuarii
586 890 774 971 Calamidis,
796 894 888 975 cujas
903 891 1001 973 juxta
1022 888 1156 957 bereum
1178 890 1242 957 du-

148 995 299 1063 micilium
320 992 398 1057 illud
420 999 503 1059 erat.
547 993 631 1057 Tum
652 994 738 1058 enim
761 994 882 1078 optime
903 990 1131 1078 explicabitur,
1152 990 1242 1077 quod

149 1115 171 1162 a
192 1094 321 1160 nemine
343 1093 448 1158 adhuc
469 1092 538 1158 vidi
560 1094 766 1179 explicatum,
787 1112 843 1156 cur
857 1091 1099 1157 Demosthenen
1121 1090 1241 1156 bic-di-

149 1200 220 1261 catr
245 1200 379 1259 matrem
392 1194 435 1257 ibi
451 1194 630 1261 nutrivisse
643 1194 842 1260 Aeschinem
856 1189 915 1257 τὸν
930 1188 1033 1257 καλὸν
1046 1189 1240 1275 ἀνδριάντα.
1272 1270 1278 1275 ,

152 1294 236 1377 Quia
257 1296 342 1361 enim
364 1294 550 1361 Aeschines
570 1297 666 1379 juxta
689 1295 821 1359 bereum
853 1292 1057 1360 celeberrimi
1087 1291 1269 1363 statuarii.

151 1396 365 1481 nutriebatur,
387 1396 484 1463 facile
505 1415 547 1461 ex
570 1414 610 1461 eo
632 1396 796 1481 pulchram
819 1401 960 1459 statuam
980 1398 1087 1458 mater
1107 1396 1242 1478 poterit

147 1495 257 1563 iecere
278 1495 394 1561 videri.
414 1532 456 1544 -
479 1494 569 1563 (lrdc
590 1497 761 1562 verberum
781 1501 833 1560 est
847 1493 1018 1561 mutandus
1031 1489 1124 1577 275,
1148 1490 1245 1561 148.

127 1599 182 1661 ’ln
204 1596 333 1662 verbis:
364 1595 543 1682 ὑποληφθῇ
564 1593 705 1661 ἐλάττων
727 1587 840 1674 οὗτος,
870 1597 918 1661 ita
939 1595 1025 1661 enlm
1046 1592 1241 1661 nullusbtt·

148 1696 207 1763 bet
227 1696 317 1781 cod,
339 1696 455 1775 sedin
476 1694 523 1761 Σ.
546 1703 620 1762 eutr
642 1693 824 1784 ὑποληφθῇ
845 1686 941 1771 οὗτος
962 1697 1017 1775 tt,
1039 1710 1111 1759 eam
1133 1694 1240 1761 ceteri

149 1815 280 1877 omnes,
324 1797 371 1860 nti
398 1803 475 1861 ante
497 1796 606 1863 Bekk.
633 1798 802 1882 legebatur
823 1798 993 1862 etiterum
1014 1801 1070 1861 est
1091 1794 1240 1862 scriben-

143 1897 241 1980 dum,
273 1896 481 1981 praebeant:
525 1886 627 1974 οὗτος-
643 1896 795 1964 ditinum
822 1894 1012 1983 ὑποληφθῇ.
1077 1895 1239 1963 Praeterit

149 1999 248 2064 etiam
271 1995 367 2084 317,
391 1995 481 2062 274.
505 1998 538 2063 in
561 1998 691 2064 verbisz
713 1996 777 2087 ὁρῶ
798 2001 898 2064 πᾶσιν
918 1993 1112 2081 ἀνθρώποις.
1130 1998 1240 2083 ‹lampr-

148 2105 251 2180 σμένα
271 2100 329 2163 καὶ
348 2105 528 2180 τεταγμένα
547 2120 614 2174 νοις
634 2097 677 2164 τὰ
697 2101 845 2165 τοιαῦτα.
874 2097 983 2165 ἀδικεῖ
999 2121 1048 2173 τις
1060 2093 1161 2176 enaim·
1184 2096 1239 2184 ὀρ-

148 2195 190 2282 γὴ
212 2199 268 2263 καὶ
290 2202 428 2284 τιμωρία
448 2197 536 2264 κατὰ
556 2186 693 2265 τούτου·
714 2198 872 2283 ἐξήμαρτέ
890 2222 939 2274 τις
960 2196 1069 2277 damu,
1090 2198 1238 2282 σιπγγνοὶ·

146 2322 191 2380 μη
211 2295 298 2364 ἀντὶ.
312 2300 378 2377 τῆς.
394 2303 553 2386 τιμωριοιο
576 2298 682 2384 τούτῳ
702 2321 728 2367 c.
758 2301 852 2367 ecdd.
878 2298 1016 2386 Gaelpb.
1039 2300 1126 2385 Aug.
1152 2300 1238 2367 Vib-

146 2397 219 2465 dob.
247 2404 329 2484 Aug.
362 2400 387 2464 l.
418 2400 502 2465 Σεε.
533 2404 743 2468 accusativus
776 2399 1237 2485 ὀργὴν-τιμορίαν-ὸογ-

146 2496 291 2583 γνώμην,
312 2500 470 2586 simulque
492 2500 586 2585 signu
608 2503 871 2588 interrogationis
892 2521 964 2567 cum
987 2501 1237 2583 Wunderlicbic

101 2600 272 2690 bdeletu,
291 2606 320 2666 εὶ
340 2602 473 2669 reticeri
493 2605 677 2669 censuerim
698 2625 732 2671 v.
759 2605 871 2688 Viget.
893 2600 986 2668 508.
1007 2608 1049 2655 -'
1078 2602 1119 2670 Si
1141 2601 1237 2687 28⁰,

148 2699 210 2767 18.
233 2703 316 2768 haec
335 2703 505 2787 legunturt
551 2700 673 2789 οὐγὰρ
695 2696 737 2782 δὴ
754 2710 855 2788 ἔγωγε
876 2701 960 2794 (scr.
983 2702 1107 2794 ἔγωγ’)
1127 2708 1236 2771 duola

144 2800 292 2884 τεοόμην,
313 2822 375 2887 ego
397 2804 587 2889 particulam
606 2803 647 2882 δὴ
669 2823 870 2891 nequaqnam
891 2805 1112 2871 necessariam
1130 2805 1236 2873 baben

146 2909 181 2969 et
212 2921 282 2968 cum
311 2903 387 2968 Par.
409 2904 436 2968 Ι.
460 2906 501 2969 V.
524 2907 609 2990 Aug.
633 2905 659 2969 l.
680 2905 738 2969 Il..
755 2905 816 2970 Rs.
850 2912 886 2972 et
911 2906 1014 2971 schol.
1034 2906 1235 2991 Hermogen.

144 3000 333 3085 deleverim,
357 3005 403 3069 uti
426 3002 517 3092 301,
540 3004 632 3071 220.
655 3003 732 3081 τοὺς
752 3004 873 3082 ἄλλους
893 3026 958 3071 non
978 3026 1048 3072 eum
1071 3008 1233 3091 uncAug.

143 3103 171 3168 L
194 3109 270 3189 pest
290 3100 461 3189 ὑπερῆρας,
497 3105 560 3172 sed
581 3126 652 3173 cam
673 3105 766 3171 libris
786 3114 866 3172 ante
886 3107 1061 3173 Reisliium
1080 3113 1117 3173 et
1136 3106 1233 3173 eudd.

145 3201 388 3290 FYd’liprtav.
418 3201 488 3297 (Σ.
511 3203 653 3297 omittit)
683 3213 758 3294 post
788 3205 891 3292 τόλμῃ
919 3215 1000 3277 unte
1025 3204 1109 3274 ὥστε
1130 3209 1236 3275 culic-

143 3323 297 3371 cavenm.
717 3362 722 3369 .
1000 3360 1004 3367 .
1068 3364 1071 3369 ,
1101 3360 1104 3365 ,
1171 3336 1174 3343 -

227 3406 304 3472 Νοο
333 3408 438 3472 minus
466 3407 638 3474 collocatio
664 3409 836 3477 verborum
855 3417 919 3477 est
951 3410 1109 3478 mutanda
1142 3406 1236 3491 864,

147 3507 241 3573 1¹3.¹
255 3509 289 3573 in
310 3509 556 3575 verbisdmacbc
576 3510 644 3574 turi
665 3508 852 3592 τνγγοένειν,Ι
871 3530 934 3598 quo
956 3510 1085 3598 quidem
1106 3510 1143 3575 in
1159 3510 1260 3577 lucu'

141 3609 302 3675 Reiskius
324 3611 394 3693 jam
421 3629 465 3674 ex
489 3609 574 3692 Aug.
595 3608 625 3674 l.
649 3610 693 3675 ll.
715 3608 775 3676 lv.
807 3613 994 3696 quibuscum
1021 3611 1146 3679 iaciant
1172 3608 1233 3675 llll

143 3730 211 3795 prs.
248 3709 385 3775 dederat
419 3706 592 3791 τυγχάνειν
629 3715 708 3777 ἐστί.
772 3710 905 3778 Deinde
939 3710 1041 3799 274,
1074 3708 1175 3777 139..
1197 3710 1233 3777 in

141 3811 272 3877 verbisr
295 3807 495 3892 ὁβασκαιιος
512 3808 625 3875 οὑτοσὶ
647 3810 886 3899 ἰαμβειοφάγος
907 3815 1018 3899 recipe
1040 3832 1083 3879 ex
1105 3812 1186 3879 Par.
1202 3808 1233 3877 1.

140 3911 226 3996 Aug.
247 3908 280 3976 1..
304 3910 388 3978 Bav.
409 3909 471 3977 lin.
501 3899 598 3986 οὗτος
626 3931 686 3997 pro
714 3910 846 3992 οὑτοσὶ,
877 3915 1024 4001 pertinet
1043 3913 1131 3980 enim
1151 3932 1233 4001 pru·

141 4029 258 4079 nomen
278 4009 321 4078 ud
335 4008 362 4076 d
384 4017 462 4079 ente
481 4008 649 4097 βάσκανοι
670 4018 706 4079 et
725 4015 941 4101 postpositum
963 4020 1036 4097 eet,
1058 4020 1234 4083 ut-ncmen
