2564 4508
499 166 671 231 will?
734 201 777 217 -
864 264 867 270 Ι

90 337 220 418 ptorum
242 351 262 397 a
284 331 438 418 Lampria
458 331 491 399 in
514 334 664 420 catalogo
691 330 823 422 operum
845 333 1011 402 Plutarchi
1040 339 1183 405 aileran-

91 443 162 514 tur,
185 434 218 502 iul
241 433 327 519 quod
348 433 391 499 de
413 433 492 499 vitis
514 433 628 501 decem
651 443 828 518 oratorum,
850 435 895 503 de
916 436 1119 524 proverbiis,
1139 436 1184 506 de
1233 471 1238 479 ·

90 534 278 613 nobilitate,
301 534 344 599 de
365 535 447 601 libro
469 534 511 601 ‹le
533 536 611 615 fato,
632 535 675 601 de
696 535 827 623 placitis
848 537 1120 626 philosophorum,
1141 541 1184 610 de

90 636 258 721 parallelis
280 632 410 726 (fort),
434 636 475 702 de
497 637 781 724 apophthegmatis
802 638 985 719 Laconum,
1006 638 1048 705 de
1070 639 1184 706 metris

89 733 208 827 (tort.)
230 743 264 802 et
284 737 452 802 amatoriis
472 741 711 806 narrationibus
732 745 842 827 potest
864 739 1031 820 affirmari,
1051 739 1085 805 id
1107 745 1184 826 pot·
1226 786 1229 791 -

92 839 159 904 erit
181 844 237 903 aut
259 840 306 904 ita
328 839 493 924 explicari,
514 839 602 906 utin
625 840 677 906 his
697 841 788 906 libris
810 841 893 908 alios
915 841 1081 909 Plutarchi
1103 858 1185 908 vera

93 932 219 1026 scripta
232 959 318 1005 nunc
329 940 452 1006 amissa
468 960 545 1007 esse
560 942 703 1008 imitatos
719 942 821 1025 dicas,
845 949 901 1010 aut
913 943 954 1010 ab
969 943 1043 1008 aliis
1055 941 1185 1008 nomina

94 1059 205 1107 eorum
220 1042 253 1107 in
264 1041 444 1125 catalogum
460 1060 538 1108 esse
552 1034 688 1120 inserta,
702 1043 786 1129 quod
799 1058 881 1110 sane
893 1044 988 1110 lacile
1005 1042 1093 1110 credi
1112 1049 1185 1130 pot-

94 1143 166 1218 erit,
178 1147 234 1206 aut
249 1147 292 1221 ut,
302 1141 387 1227 quod
399 1142 508 1226 nolim,
521 1148 621 1208 totum
635 1144 816 1229 catalogum
830 1165 893 1211 non
907 1164 985 1212 esse
997 1164 1018 1212 a
1031 1145 1194 1232 Lampria.

94 1244 275 1330 profectum
291 1243 441 1309 affirmes.
473 1241 873 1332 Gerteindenequaquam
886 1247 1011 1332 poteris
1033 1245 1183 1331 probare,

92 1365 152 1412 eos
174 1346 273 1411 libros
291 1364 411 1411 revera
425 1364 505 1411 esse
519 1364 540 1411 a
555 1344 732 1412 Plutarcho
747 1347 900 1434 scriptos.
938 1347 1062 1413 Restat
1076 1351 1184 1412 autem

92 1447 192 1512 tertia
214 1446 370 1530 quaedam
392 1447 584 1533 scriptorum
606 1446 772 1514 Plutarchi
794 1448 927 1529 classis,
949 1447 991 1514 de
1013 1466 1076 1534 qua
1094 1444 1184 1530 judi-

92 1549 175 1614 cium
197 1547 294 1612 multo
316 1554 369 1612 est
390 1545 558 1628 difficilius,
584 1547 657 1614 ‹lico
679 1566 761 1629 eam,
781 1549 816 1614 in
837 1568 902 1637 qua
923 1548 1033 1634 plures
1055 1546 1183 1633 quidem

92 1649 242 1736 reperias
265 1650 299 1712 et
320 1647 493 1732 graviores
515 1647 641 1734 hiatus,
686 1668 780 1735 quam
801 1649 835 1714 in
856 1648 930 1714 aliis
951 1646 1118 1714 Plutarchi
1139 1646 1183 1711 li·

92 1751 181 1831 bris,
204 1749 382 1815 orationem
404 1757 598 1815 tamennon
619 1750 666 1815 ita
687 1748 783 1816 vides
805 1749 1045 1830 conformatam,
1065 1753 1102 1813 ut
1123 1762 1184 1816 eo-
1235 1789 1241 1803 ι

92 1871 164 1918 rum
184 1856 347 1916 auctorem
370 1869 505 1936 prorsus
526 1850 616 1916 hiatu
638 1851 837 1917 abstinuisse
858 1851 968 1938 possis
981 1848 1182 1916 uouemere

91 1954 166 2020 Huc
187 1952 276 2018 refer
297 1951 410 2016 librum
432 1949 474 2017 de
496 1970 574 2018 aere
595 1952 731 2019 vitando
748 1952 878 2030 alieno,
907 1949 1184 2038 apophthegmata
1216 1936 1219 1947 ’

91 2072 204 2138 regum
226 2059 260 2118 et
281 2048 415 2138 ducum,
437 2052 620 2118 convivium
641 2059 768 2140 septem
790 2053 984 2139 sapientum,
1004 2050 1046 2116 de
1067 2067 1182 2136 garru-

91 2155 202 2233 litate,
224 2151 267 2217 de
288 2170 457 2237 puerorum
479 2153 700 2231 institutione,
733 2151 831 2220 etde
852 2146 1072 2219 communibus
1093 2150 1184 2216 noti-

92 2256 150 2322 tiis
172 2258 287 2319 contra
309 2250 451 2319 Stoicos.
494 2250 577 2334 Quia
599 2253 683 2318 enlm
704 2253 805 2335 vitia,
844 2271 930 2340 quae
950 2254 984 2320 in
1006 2242 1061 2317 lrls
1081 2267 1184 2338 repe·

90 2357 217 2421 riantur
244 2352 362 2439 libris,
394 2353 511 2439 partim
532 2353 678 2419 incuriae
698 2352 916 2432 librariorum,
945 2353 1064 2438 partim
1085 2353 1183 2419 etiam

90 2454 311 2541 negligentiae
334 2454 460 2520 cuidam
480 2454 652 2540 scriptoris
672 2449 856 2545 (interdum
877 2455 963 2521 enim
984 2454 1058 2540 ipse
1079 2452 1184 2520 bonus
1238 2467 1240 2472 ’

91 2557 246 2624 dormitat
266 2552 452 2646 Homerus)
483 2554 579 2620 tribui
600 2560 760 2641 possunt,
802 2553 951 2621 dubitare
980 2553 1109 2641 quidem
1139 2552 1182 2621 de

90 2657 286 2722 auctoritate
307 2656 419 2721 horum
440 2655 592 2721 librorum
615 2652 710 2732 licet,
754 2656 970 2742 praesertim,
1004 2653 1183 2721 camollae

89 2757 251 2824 accedant
271 2774 400 2836 causae,
423 2755 536 2842 quales
557 2755 717 2822 accedere
737 2755 879 2822 vidimus
899 2757 932 2820 in
953 2755 1106 2822 convivio
1128 2770 1182 2821 se-

91 2865 178 2945 ptem
195 2859 379 2943 sopientum
393 2864 428 2922 et
440 2859 471 2923 in
485 2856 567 2923 libro
580 2856 623 2922 de
634 2875 804 2942 puerorum
817 2856 1033 2938 institutione,
1047 2872 1112 2921 non
1132 2860 1184 2922 ta-

92 2980 166 3025 men
183 2959 280 3048 idem,
305 2957 388 3046 quod
401 2958 443 3024 dc
456 2959 547 3024 libris
562 2956 728 3023 secundae
741 2958 871 3038 classis,
890 2955 1054 3023 affirmare
1066 2955 1182 3044 ausim,

92 3059 299 3126 Plutarchum
322 3078 382 3125 eos
402 3058 488 3124 nullo
510 3056 605 3124 modo
626 3057 771 3124 scribere
793 3057 948 3143 potuisse.
992 3055 1117 3139 Quibus
1138 3055 1181 3124 tle

92 3163 203 3227 causis
216 3163 313 3227 etiam
327 3161 400 3246 ipse
416 3160 670 3246 apopthegmala
683 3177 794 3244 regum
809 3164 844 3224 ut
858 3176 940 3244 opus
952 3157 1181 3224 Plutarcheam

92 3261 271 3327 defendero
294 3283 365 3327 sum
387 3266 545 3340 conatus,
587 3258 783 3346 praesertim
811 3277 882 3325 cum
909 3259 945 3327 in
973 3259 1023 3325 rei
1052 3263 1179 3337 natura,

92 3381 175 3448 quae
196 3363 229 3427 in
251 3379 290 3428 eo
313 3367 482 3442 tractatur,
505 3360 675 3428 excusatio
697 3360 856 3447 paudum
877 3360 1020 3427 hiatunm
1043 3361 1180 3443 inesset.

92 3463 186 3544 Quod
208 3469 316 3528 autem
338 3464 380 3528 de
403 3463 522 3528 ceteris
544 3462 701 3549 dubitavi,
721 3461 840 3527 tactum
862 3468 927 3549 est,
951 3465 1026 3550 quia
1048 3482 1105 3528 cur
1125 3464 1182 3527 aut

90 3566 232 3649 scriptor
258 3571 314 3630 aut
342 3564 464 3630 librarii
491 3562 748 3649 negligentiores
783 3560 817 3628 in
845 3562 1018 3629 scribendo
1055 3563 1182 3650 luerint,

90 3683 221 3730 causam
245 3666 394 3731 idoneam
416 3685 481 3730 nun
501 3662 620 3729 inveni
670 3663 725 3730 De
746 3662 913 3748 excerptis
934 3670 969 3728 et
989 3663 1181 3750 fragmentis

91 3766 167 3851 quid
182 3767 332 3845 sentiam,
355 3786 454 3852 supra
470 3765 592 3852 legisti,
613 3766 660 3830 ita
680 3771 716 3830 nt
732 3766 800 3847 jam
821 3763 925 3829 solum
946 3762 978 3828 id
1001 3762 1043 3829 de
1066 3763 1181 3848 singu-

89 3867 191 3931 lorum
213 3868 353 3932 locorum
375 3869 407 3932 in
421 3866 588 3932 Plutarchi
608 3866 748 3949 integris
770 3864 902 3949 scriptis
924 3865 1120 3930 tractatione
1138 3865 1182 3930 sit

92 3968 293 4048 addendum,
318 3986 369 4033 me
391 3985 593 4055 ueouaquam
614 3965 753 4034 censere
773 3965 806 4030 in
828 3966 870 4030 iis
891 3963 988 4042 locis,
1011 3965 1044 4030 in
1066 3965 1181 4052 quibus

89 4068 133 4133 nil
163 4070 225 4134 nisi
256 4069 363 4135 hiatus
387 4066 560 4137 offensioni
588 4069 655 4147 sit,
697 4066 740 4133 ab
770 4065 899 4179 editore
914 4064 1033 4230 3igmaro
1060 4083 1181 4133 revera
