2580 4514
468 143 743 211 -509-

56 317 93 385 in
109 314 246 386 verbis:
268 316 326 382 καὶ
347 309 529 388 τεκτονικὸς
551 314 611 377 οὐκ
631 308 674 377 ἄν
694 305 786 381 οὕτως
799 303 1046 383 κατασκευάσαι
1066 303 1153 390 ἄρσε

54 442 138 503 τρον
159 413 340 503 προθύμως
361 413 380 493 ἢ
401 411 532 496 ἅμαξαν
552 412 659 478 malim
680 409 982 498 προθύμουςροῐίιιε
996 413 1073 495 post
1086 429 1153 472 κα·

58 515 265 584 τασιιευιὶσιιι
288 535 394 602 neque
416 521 482 580 tum
502 520 628 580 remote
650 514 691 578 ub
713 509 798 578 οὕτω
819 513 981 606 legatur...

143 617 241 698 Quae
263 636 333 682 eum
355 617 402 682 itu
423 616 508 694 sint,
546 614 655 680 hiatus
677 615 766 679 istos
783 632 926 690 novem,¹
960 609 1015 696 qui
1034 608 1097 674 hee
1111 608 1152 704 in
1174 637 1177 642 ·

58 725 221 802 excerpto
249 715 455 802 reperiuntur
484 720 541 781 aut
577 715 723 801 corriges
758 714 910 780 librorum
945 709 1152 794 auctoritate,

58 818 164 885 veluti
187 814 279 884 776.
301 816 330 882 1).
363 815 452 908 778.
476 815 506 881 1).
528 812 618 880 778.
640 823 750 882 σοι)
769 815 843 880 eliis
864 813 906 879 de
928 811 1038 877 censis
1060 805 1150 875 776.
1216 894 1218 899 A

57 919 91 985 1).
117 914 210 982 776.
233 917 263 983 d.
289 913 380 982 778.
403 935 432 982 ιι.
458 915 548 982 778
570 916 602 982 d.
627 913 716 982 779.
740 917 767 983 1).
790 922 847 982 uut
869 912 1059 994 excusabis,
1088 927 1152 977 ve-

58 1020 120 1086 luti
144 1017 234 1085 777.
256 1019 325 1085 1)
560 1060 563 1065 ·

146 1121 185 1186 In
199 1120 280 1186 libro
303 1119 350 1184 ad
373 1117 603 1203 principem
625 1117 865 1184 ineruditum
887 1135 915 1182 ε.
932 1115 991 1181 lV.
1012 1110 1103 1180 781.
1120 1049 1151 1180 1).

58 1224 113 1288 in
127 1222 260 1288 νειοῖο.
304 1224 336 1284 οἱ
365 1220 502 1284 παλαιοὶ
530 1215 614 1284 οὕτω
640 1221 770 1302 λέγουσι
798 1241 829 1283 ιι.
851 1241 880 1280 τ.
903 1219 935 1282 λ.
963 1214 1094 1282 videtur
1121 1217 1154 1280 οί

56 1319 251 1404 παλαιοιγ’
276 1319 443 1405 antiqui
465 1319 621 1405 quidem
643 1321 799 1404 seriptum
820 1318 940 1405 tuisse,
976 1316 1150 1383 desideru-

59 1430 115 1488 tur
137 1424 221 1488 enim
242 1420 401 1508 particula
423 1419 547 1506 ulique,
591 1437 653 1504 quu
681 1419 765 1486 haee
790 1438 859 1485 eum
881 1406 1154 1485 antecedentibus
1202 1421 1228 1465 ἰ

60 1524 241 1590 cohaerere
263 1521 431 1588 indicetur.
478 1519 514 1587 C.
540 1521 578 1585 V.
604 1519 737 1586 781.1.
763 1521 795 1586 in
819 1520 945 1587 verbis:
980 1515 1054 1584 ἀλλ’
1077 1516 1153 1600 ἡμῖν

61 1623 133 1691 οἶνοι
164 1647 228 1690 που
255 1625 326 1708 περὶ
352 1621 411 1701 τὴν
438 1619 489 1686 ἀεὶ
516 1619 604 1687 κατὰ
632 1617 738 1686 ταῦτα
765 1616 849 1685 οὗτοι
878 1617 979 1710 φύσιν
1011 1622 1153 1698 ἔχουσαν

61 1727 230 1809 ἱδρυμένος
251 1729 285 1788 εν
305 1721 451 1811 βάθροις
471 1719 604 1804 ἁγίοις,
632 1711 653 1806 ᾖ
684 1745 765 1808 φησι
787 1721 932 1788 Πλαταν
961 1719 1076 1788 εὐθέα·
1093 1743 1152 1787 πε·
1202 1768 1204 1775 «

61 1829 167 1911 ραίνει
187 1821 274 1889 κατόι
296 1821 396 1910 φύσιν
418 1819 715 1905 περιπορευόμενος·
738 1821 809 1889 οἶον
830 1825 864 1890 δὲ
886 1819 975 1903 ἣλιον
996 1829 1031 1890 ἐν
1052 1819 1155 1909 οὐρα-

61 1931 109 2011 νῷ
130 1931 258 2010 μίμημα
278 1921 317 1990 τὸ
338 1924 521 2009 περικαλλὲς
543 1920 644 1988 αὐτοῦ
664 1921 714 1988 «δι’
742 1921 898 2012 ἐσόπτρου
920 1926 1050 1991 εἴδωλον
1070 1916 1154 1989 νἰναὲ

61 2034 216 2115 φαίνεται
238 2034 305 2103 τοῖς
326 2031 446 2090 ἐκεῖνον
467 2025 581 2109 ἐνορᾷν
596 2021 633 2088 δι’
650 2021 751 2090 αὐτοῦ
767 2026 925 2104 δυνατοῖς,
941 2021 1025 2090 οὕτω
1039 2045 1070 2088 κ.
1087 2047 1114 2088 τ.
1129 2024 1149 2086 λ

62 2129 198 2215 primum
222 2147 279 2212 ριο
302 2120 386 2189 οὕτω
406 2131 484 2190 unte
506 2123 606 2211 φύσιν
627 2125 744 2192 Reisk.
768 2125 954 2213 suspicatus
976 2132 1031 2191 est
1047 2118 1154 2189 ὠσαί-

63 2252 147 2315 τως,
171 2233 205 2292 et
228 2225 401 2312 Wyttenb.
423 2225 517 2309 legit:
539 2222 615 2290 ἀλλ’
641 2221 660 2288 ὁ
680 2228 738 2306 μὲν
759 2225 829 2292 οἶνοι
847 2249 910 2291 που
931 2227 1001 2310 περὶ
1022 2223 1081 2302 τὴν
1102 2221 1153 2288 nini

62 2323 152 2392 κατὰ
172 2322 278 2390 tainu
299 2326 355 2391 καὶ
377 2321 548 2401 ὡσαύτως,
582 2330 617 2390 ut
639 2325 789 2412 equidem
811 2326 856 2392 nii
877 2325 1069 2396 mutaverim
1091 2322 1155 2390 nisi

63 2424 172 2492 ταῦτα
192 2427 225 2492 in
247 2422 376 2504 ταύτὸν,
395 2430 434 2489 ὀι
455 2426 620 2491 sententie
641 2426 702 2490 sit:
725 2425 787 2492 sed
809 2427 903 2494 nobis
925 2445 1024 2512 supra
1038 2424 1155 2490 alieubi

58 2531 157 2614 juxta
178 2533 324 2593 naturam
346 2545 430 2612 quae
452 2545 491 2593 se
512 2545 594 2611 erga
614 2526 1065 2614 idem·semperitu1uaebet
1085 2519 1155 2616 (uti
1258 2555 1264 2569 ·

64 2649 105 2698 se
127 2623 286 2716 praebet)
308 2627 486 2692 collocatus
507 2628 539 2692 in
563 2629 667 2694 saeris
688 2628 922 2713 gradibueuti
943 2629 1040 2695 Pluto
1062 2626 1153 2713 dieit,
1176 2690 1180 2695 ,
1240 2695 1241 2698 ,

48 2735 159 2802 ,reete
194 2726 368 2792 secundum
401 2732 549 2793 naturum
587 2729 778 2795 circumiens
808 2736 998 2819 perpetret,
1040 2731 1099 2801 itu,
1120 2735 1156 2796 ut

65 2835 254 2915 conjecture
266 2830 395 2896 Reiskii
416 2825 535 2895 εὐθεῖα
555 2837 612 2897 aut
631 2829 775 2919 εὐθεῖαν
789 2853 847 2920 ριο
869 2831 975 2898 εὐθέα
992 2850 1059 2897 nnn
1072 2850 1154 2918 οριιε

66 2933 123 2996 sit.
167 2929 297 2996 Deinde
320 2951 462 3018 pergas:
495 2928 565 2997 οἷον
586 2935 620 2997 dd
641 2931 685 2997 δι’
709 2929 800 3011 ἥλιον
820 2939 855 2998 ἐν
877 2930 1004 3020 οὐρανῷ
1025 2934 1155 3023 μίμημα
1210 2940 1223 3024 ἰ

65 3029 103 3096 τὸ
126 3033 310 3117 περικαλλὲς
333 3033 436 3098 αὐτοῦ
458 3030 502 3098 δι’
528 3036 684 3121 ἔσοπτρον
704 3035 835 3099 εἴδωλον
856 3031 1086 3121 ἀναφαίνεται,
1108 3032 1167 3116 uti!

65 3152 126 3220 per
148 3132 250 3198 selem
272 3138 379 3198 eutem
399 3134 434 3197 in
456 3133 546 3199 οοεΙο
578 3140 738 3219 tamquam
767 3135 818 3198 sui
844 3122 1061 3205 ¹imitutinnem
1087 3132 1156 3220 ριιΙ·

65 3233 258 3299 cherrimum
272 3233 376 3317 ipsius
392 3251 451 3319 ρει
465 3232 631 3318 specuium
653 3227 962 3325 (conspiciendum)
983 3235 1157 3322 imuginem

64 3335 203 3421 praebet
231 3339 295 3398 ete.
340 3335 497 3400 Reiekius
520 3339 633 3401 eontra
653 3334 810 3418 conjecit:
842 3341 876 3400 ἐν
898 3328 1156 3422 οὐρανῷκατίι-

66 3431 190 3517 στήσας
216 3437 344 3515 μίμημα
371 3431 410 3500 τὸ
438 3437 728 3522 περικαλλέστατον
757 3437 898 3524 ἑαυτοῦ,
940 3434 983 3500 δι’
1015 3434 1156 3502 ἐσόπτυυ

66 3531 144 3626 [vel
167 3531 211 3597 δι’
235 3530 456 3624 εὐσυνόπτου)
479 3533 776 3607 εἰδώλου-ἐκεῖνον
797 3538 939 3623 συνορᾷν
960 3533 1016 3611 δια
1036 3533 1156 3621 τούτου

65 3638 269 3717 δυναμένοις,
312 3629 412 3712 οὕτως
433 3637 493 3700 τοὺ
514 3632 678 3702 ενπὸλεσι
699 3635 841 3722 φεγγους
862 3634 1003 3712 εὐδικίας
1022 3659 1052 3700 ιι.
1073 3659 1104 3700 τ.
1125 3637 1155 3701 λ.

66 3737 104 3804 C.
129 3736 185 3802 vl.
214 3732 301 3799 189.
323 3755 350 3801 e.
372 3755 416 3803 ne
438 3735 550 3802 dubita
571 3736 647 3822 quin
669 3737 703 3807 in
725 3737 855 3802 verbis:
876 3738 932 3802 καὶ
953 3739 1013 3802 τοῦ
1033 3738 1155 3802 Διονυ-

63 3841 142 3906 σίου
162 3832 323 3913 ἀληθέςέ
324 3860 396 3903 στιν
416 3856 437 3904 e
458 3837 531 3903 Pet.
555 3856 613 3923 pro
640 3824 769 3951 αλρθές
797 3841 885 3904 ἐστιν
910 3835 1051 3922 recipias
1080 3833 1158 3927 πρό-

60 3933 176 4028 χειρόν
196 3942 294 4002 ἐστιν.

138 4035 297 4119 Quutnnr
316 4039 415 4125 igitur
437 4037 576 4107 hiatus
567 4057 601 4106 ιιι
621 4037 683 4106 hnc
704 4037 888 4123 fragmento
913 4042 980 4105 tum
1010 4036 1157 4115 codicum
