2564 4508
555 120 831 186 -m-

150 291 252 354 αυτοῦ
273 291 330 354 καὶ
351 279 455 376 ἦθος,
477 286 520 365 ὡς
539 290 691 355 πλεῖστον
711 286 816 354 αὐτοῦ
836 282 981 353 ἐνδύεται
1001 282 1043 351 τὸ
1061 286 1227 367 λθσωιλ

151 400 268 475 κρατεῖ
271 387 416 471 μάλιστα
425 390 681 469 καθαπτόμενον
691 388 826 454 offendit
837 385 951 453 αύτσύ.
974 382 1013 453 Si
1029 386 1228 453 55555515·

127 481 131 490 ’
151 513 231 555 στσν
244 490 377 578 pendet,
398 489 602 557 scribendum
625 496 696 555 erut
715 486 753 553 τὸ
772 492 932 566 πλεῖστον,
953 487 1005 557 sin
1021 488 1138 569 minu,
1157 482 1227 553 urici

153 592 208 657 vel
222 595 266 667 εἰς
278 588 360 655 αὐτὸ
374 590 429 655 vei
443 588 542 673 αὐτῷ.
587 588 747 675 Equidem
770 588 940 656 delendum
962 606 1041 653 esse
1061 590 1228 655 5555555

154 691 326 776 repetitum
339 711 381 756 ex
398 692 676 758 antecedentibus
700 690 751 755 De
764 688 910 755 ἐνδύεται
929 688 1089 777 influit,
1111 706 1232 777 peuce

135 797 236 856 truc
257 792 299 856 of.
323 792 408 857 Pint
430 792 499 858 ΡσΙ.
524 793 574 869 ll,
598 790 688 856 377.
709 792 738 855 b.
763 792 877 857 Reisk.
898 787 1042 867 conjecit
1062 792 1121 863 καὶ
1140 778 1226 877 inice

152 885 204 954 ὅτι
225 887 265 966 ὡς
288 894 454 971 πλεῖστον,
483 912 567 977 quoe
588 893 723 957 mutatio
744 892 849 957 minus
871 890 1065 959 neccssaria
1086 908 1164 959 csse
1182 890 1228 957 vi·

152 988 255 1055 detur.
320 989 358 1057 C.
388 991 448 1057 XI.
478 989 570 1057 556.
601 994 632 1059 d.
663 1012 722 1079 pro
751 990 856 1071 πάντη
884 996 963 1056 unte
998 988 1230 1075 νύμετύιτσνα

152 1090 289 1174 conjicio
311 1089 438 1167 πάντας
460 1093 534 1157 oiim
555 1095 658 1159 fuisse
679 1094 843 1179 scriptum.
887 1088 924 1157 G.
945 1082 1137 1159 xlrjouo.
1158 1090 1180 1155 i.
1201 1088 1230 1155 in

153 1191 289 1257 verbis:
333 1190 404 1259 οἷον
430 1192 582 1259 ἐνταῦθα
614 1191 782 1272 δήπουθεν
803 1195 929 1274 λέγεται
950 1193 1065 1257 ἐλθεῖν
1085 1186 1231 1259 Αἴσωπον

153 1293 289 1376 conjicio
318 1291 505 1381 δήπουθεν,
547 1294 633 1380 quod
655 1299 733 1360 onte
755 1288 891 1359 vocales
912 1293 1002 1379 poni·
1015 1292 1123 1380 solet,
1163 1296 1232 1359 unic

153 1393 266 1457 ἐλθεῖν
294 1394 482 1459 collocutum
511 1395 621 1461 fuisse.
686 1391 723 1460 C.
751 1392 844 1458 ΧΙΙΙ.
873 1390 964 1460 557.
992 1392 1015 1457 i.
1051 1392 1087 1459 in
1115 1390 1233 1459 555553
1265 1448 1271 1455 .

152 1489 252 1557 Εἶεν·
274 1488 401 1585 (λύμην)
421 1497 528 1559 ταῦτα
548 1493 617 1581 γὰρ·
633 1494 741 1561 πάντα
763 1493 849 1584 (scr.
862 1489 978 1584 πάντ’)
998 1490 1150 1572 ἀληθινὰ
1168 1488 1233 1577 ἡγῇ,

153 1593 296 1660 fortasse
324 1593 386 1679 ύμῖν
415 1603 469 1662 est
497 1595 679 1662 delendum.
744 1593 831 1661 Sunt
858 1596 944 1661 enim
975 1594 1101 1661 uonicc
1136 1592 1234 1659 dictor

154 1692 256 1758 hoec
276 1695 451 1763 scilicet
473 1699 605 1763 omnio
632 1714 732 1762 vero
760 1701 794 1761 et
815 1694 1034 1782 respondetur
1053 1684 1233 1781 impiet

152 1797 181 1856 ελ
202 1790 300 1873 δὲμὴ
321 1793 438 1875 πάντα,
460 1795 532 1862 ἀλλ’
557 1803 646 1881 ἔνια,
668 1797 709 1863 ad
732 1814 816 1883 quoe
839 1795 955 1861 rtetsk.
977 1800 1072 1860 mete
1093 1792 1235 1881 suppleto

153 1890 266 1972 ἀληθῆ
287 1899 384 1960 ἐστιν.
426 1897 473 1961 lb.
494 1907 529 1965 in
550 1899 683 1964 verbis:
727 1895 813 1979 ὅμως
839 1896 874 1981 (λλ
894 1897 948 1960 δεῖ
961 1890 1237 1983 εἰςάαραμνθύω

153 1991 286 2078 ύφελσῖν
307 1993 345 2060 τὸ
366 1999 496 2075 πλῆθος
517 1999 616 2082 vulgo
637 1999 671 2062 δὲ
699 2017 764 2062 non
793 1997 931 2084 iegitur,
971 1994 1066 2081 quod·
1087 1994 1237 2061 neurim

149 2095 217 2176 jum
239 2096 341 2160 inseri
360 2097 463 2164 voiuit
485 2105 520 2164 et
541 2099 717 2185 Wyttenb.
740 2117 760 2163 e
782 2096 887 2182 Mosq.
902 2093 939 2161 λλ.
960 2100 997 2161 ct
1012 2095 1130 2162 venet
1152 2114 1238 2163 suur-

153 2193 209 2259 sit.
241 2194 333 2289 'Mihi
354 2203 461 2262 autem
483 2200 536 2263 δεῖ
553 2218 596 2265 ex
617 2200 652 2264 δὲ
674 2206 779 2265 ortum
799 2216 877 2263 esse
891 2196 1033 2279 videtur,
1053 2214 1119 2283 quo
1132 2194 1239 2263 deluto

153 2292 272 2360 deinde
293 2294 424 2384 ἀφελεῖς
444 2301 643 2386 scripserim.
688 2299 725 2366 O.
749 2299 841 2363 XIV.
865 2295 958 2363 558.
981 2315 1011 2363 c.
1040 2298 1161 2363 verber
1192 2300 1239 2361 ut-

152 2396 210 2479 μύς
230 2395 288 2463 τὸν
315 2397 489 2483 ἠρυγγίτην
510 2399 632 2492 (Turn.
655 2399 826 2490 ἠρύγγιον,
849 2418 948 2482 marg.
973 2396 1051 2463 ΑΜ.
1069 2390 1239 2487 νηρσλῐην]

125 2556 128 2564 .
152 2496 314 2582 λαβούσης
335 2506 379 2576 εἰς
400 2498 439 2564 τὸ
460 2499 579 2588 στόμα,
603 2501 673 2568 οἷον
694 2526 724 2566 κ.
745 2526 774 2565 τ.
798 2501 817 2564 λ
848 2518 893 2565 ex
914 2498 1149 2585 Theophrasto
1168 2502 1240 2563 suni

154 2605 269 2665 sumto.
312 2601 362 2666 Cf.
392 2598 545 2689 Sympos.
574 2603 651 2682 vll,
680 2602 771 2667 7⁰0.
794 2601 825 2665 d.
859 2606 894 2665 et
925 2596 1049 2665 Portos.
1079 2618 1109 2667 c.
1132 2598 1238 2663 l’rinc·

155 2697 243 2764 776.
258 2703 279 2765 s.
302 2702 363 2766 sed
381 2703 413 2767 in
429 2711 564 2789 utroque
584 2705 655 2769 ioco
677 2709 721 2779 εἰς
741 2700 779 2766 τὸ
801 2698 909 2781 στόμα
930 2698 1095 2783 λαβούσης
1115 2700 1240 2785 legitur,

154 2800 238 2885 quod
260 2803 358 2867 etium
381 2803 433 2868 hio
454 2804 673 2890 recipiendum
696 2822 774 2869 esse
787 2801 928 2868 videtur.
955 2799 995 2866 0.
1009 2804 1136 2866 xvnr.
1152 2794 1240 2865 561.

154 2901 185 2964 b.
208 2920 268 2985 pro
288 2900 378 2984 μόνῳ
401 2893 459 2969 σύν
476 2906 607 2992 χρῶμαι
627 2906 674 2987 ’τῴ
696 2901 796 2968 εἰκότι
817 2899 1023 2968 scribendum
1043 2898 1242 2982 (πῆλε-μόνῳ

152 2998 184 3064 δ’
209 2989 268 3066 σύν
288 3025 318 3067 κ.
342 3007 420 3070 ut

237 3101 330 3183 Quae
351 3107 449 3188 igitur
471 3107 531 3172 hoc
558 3108 591 3172 in
618 3107 700 3172 libro
728 3104 933 3190 reperiuntur
963 3100 1127 3189 ejusmodi
1152 3099 1240 3175 vitis,

153 3223 285 3289 quorum
308 3213 434 3290 septem
456 3208 640 3272 numerabis
661 3227 690 3271 e.
706 3211 765 3270 111.
789 3206 1123 3270 VI.X1.X11.X111.
1145 3202 1243 3283 (duur

153 3310 188 3369 et
208 3308 348 3389 xvlfl„
369 3326 433 3371 non
457 3315 594 3392 possunt
617 3308 779 3373 removeri
799 3305 863 3371 nisi
884 3304 1091 3387 conjecturis=

237 3407 364 3492 Aperte
385 3414 493 3472 autem
514 3410 645 3494 spurius
662 3413 715 3474 est
736 3408 819 3473 liber
840 3406 889 3471 de
912 3405 1013 3490 into,
1034 3405 1068 3469 in
1091 3422 1156 3490 quo
1173 3401 1241 3489 piu·

152 3507 251 3572 rimus
273 3513 307 3572 et
328 3507 536 3574 foedissimos
557 3510 704 3594 reperies
728 3507 849 3592 hiatus,
873 3504 975 3572 veluti
992 3505 1025 3569 in
1042 3506 1241 3591 initiu'prne·

154 3613 206 3671 ter
241 3607 404 3672 ὃσκσύντα
435 3607 769 3695 ἡμῖν-πειράσομαι
795 3608 985 3672 ἐπιστεῖλαι.
1030 3604 1069 3673 Ο.
1100 3610 1126 3671 1:
1154 3598 1239 3686 cusp>

153 3704 469 3794 ὑπέγραψεν-αύτῷ
491 3704 978 3798 ἀποφαινόμενος-ἐργάζεται,
1006 3702 1239 3789 ‚parcitum

151 3814 193 3872 ἐν.
217 3814 260 3874 ΙΙ.
282 3807 437 3891 σύμπασα
450 3807 576 3889 ῆ-ἔχει
597 3808 858 3892 αὐτὴ-ἐπιτομῇ
879 3812 1013 3892 λ’ἵρηται.
1035 3812 1098 3873 111.
1116 3800 1236 3889 συγχύ-

150 3933 197 3973 νει
219 3908 562 3995 ὄντα-περιβαλοῦσα
582 3917 616 3976 ἑν
637 3910 745 3994 κύκλῳ
767 3905 787 3988 ἡ
808 3912 982 3995 εἱμαρμένη
988 3955 998 3987 ,
1020 3904 1084 3973 σύα
1103 3906 1236 3993 ὤπασσε,

151 4008 238 4076 ἀλλὰ
258 4015 490 4100 πεπειρασμένη
512 4009 737 4094 ἐστίν-λύγῳ
757 4007 1010 4101 ὡρισμένῳ-τα
1029 4004 1121 4075 αὐτὰ
1139 4002 1238 4073 νῖσίύ·
