2580 4514
579 138 845 203 -ott-

170 309 302 379 Cruser.
327 306 490 392 vulgatum
520 305 687 392 explicate
729 324 946 393 quousque
976 304 1195 377 secundat
1215 312 1244 377 tt
1280 336 1286 397 p

168 413 333 480 faustae
368 428 473 476 aves
506 412 766 493 conspectae
794 426 816 473 ιι
842 406 999 473 dextra
1024 406 1243 477 vertetur·
1281 458 1286 497 p

168 518 240 579 tur.
283 508 439 596 Leopoid.
461 508 592 594 supplet
612 504 703 591 αὐτῷ
724 506 786 585 τὴν
812 506 984 591 βασιλείαν
1012 524 1188 595 regnunt
1216 506 1243 575 oi
1281 536 1286 597 p

167 611 462 681 commiserunt.
504 608 625 677 Metius
646 605 846 675 Sohaeierns
866 608 925 673 aui
944 612 1138 695 ῖιιέτριψαν·
1156 610 1243 683 inter·
1282 658 1286 713 1

167 719 335 802 pretaturz
358 716 399 775 οῖ
420 709 665 775 adnuerunt.
688 706 957 795 Sintenisinsqui
969 708 1245 797 benemitrrtrpr-
1282 735 1286 799 ι

168 831 241 900 «μον
256 810 376 897 edidit,
396 814 529 875 veretur
545 827 588 875 ne
601 814 658 874 aut
669 804 801 891 ἀγαθοὶ
811 814 868 873 aot
880 804 978 887 δεξιοὶ
993 808 1083 895 quod
1096 810 1244 877 Hermu·
1282 836 1286 899 p

168 934 230 981 nus
247 914 280 977 iu
293 908 457 989 δέξασθαι
470 908 665 991 corrigebat,
687 906 859 973 dolendum
873 906 929 989 eit.
965 904 1039 987 Qua
1050 908 1087 975 in
1101 910 1244 977 reeinor
1284 956 1286 969 1

169 1011 325 1081 assentio.
368 1006 405 1072 C.
420 1008 479 1073 lx.
495 1006 559 1072 66.
575 1027 604 1074 α
626 1008 660 1073 in
682 1008 811 1074 verbis:
832 1002 1029 1095 ἱεροφάντου
1050 1008 1147 1091 τάξιν
1158 1018 1246 1091 tuero

170 1112 209 1179 ori
229 1109 330 1193 μόνον
352 1110 459 1175 hiatus
480 1111 585 1175 minus
606 1109 741 1175 offendit
761 1109 836 1195 quia
855 1126 960 1194 pauet
980 1116 1033 1175 eet
1055 1116 1136 1197 pont
1144 1116 1245 1191 ῖνιῖχιι,

112 1202 118 1223 “
169 1213 254 1280 uude
281 1209 409 1277 Sinteu.
442 1218 519 1275 aute
548 1203 587 1275 οἰι
611 1207 714 1290 μόνον
740 1209 953 1296 interpunxit
1008 1210 1122 1279 Habet
1151 1218 1246 1279 1111111

169 1314 251 1379 liber·
272 1309 388 1395 steph.
421 1314 544 1389 ιὶληχεν
572 1316 607 1375 et
630 1311 719 1375 Volo.
748 1313 910 1389 ἑπιίληχιν
938 1304 1082 1397 illudque
1107 1312 1246 1397 probavit

169 1413 368 1480 Sohaeierus
391 1431 454 1477 uon
476 1411 674 1496 improbante
696 1408 812 1478 Corui.
859 1412 895 1477 111
917 1410 988 1477 eod.
1009 1408 1246 1495 Sangam-eo

168 1519 255 1593 ἔχει,
287 1512 370 1597 quod
400 1508 528 1575 Sinten.
557 1509 658 1576 dedit.
725 1510 900 1597 Utrumque
927 1512 1011 1577 bene
1038 1510 1106 1577 diei
1134 1515 1244 1596 puteat

169 1613 249 1700 Cap.
272 1612 347 1677 ΧΙΙ.
371 1607 435 1674 65.
458 1611 486 1675 b.
507 1612 539 1675 in
561 1610 673 1676 verbis
700 1608 923 1676 ἐνεανιεύσατο
949 1608 1026 1693 ἰαιὲρ
1052 1612 1120 1677 τῶν
1139 1610 1246 1679 Κλου-

167 1718 264 1779 σίνων
294 1717 385 1775 recte
407 1709 535 1775 Sinteu.
566 1710 636 1777 cori.
659 1708 765 1795 Saug.
795 1716 830 1777 et
852 1707 889 1775 C.
915 1716 1051 1777 secuturo
1081 1708 1146 1795 apri
1168 1710 1248 1779 dedit

168 1833 226 1901 pro
254 1810 339 1897 ὑπὲρ.
363 1810 454 1875 xiii.
480 1806 544 1875 68.
567 1809 596 1874 d.
619 1812 653 1873 in
676 1810 810 1876 verbisz
847 1805 1041 1890 θαυμάσιόν
1062 1832 1141 1875 τινα
1159 1810 1247 1895 λόγον

167 1913 326 1996 λέγεσθαι
348 1906 409 1974 ὑπὸ
430 1910 489 1973 τοῦ
508 1911 666 1989 βασιλέως
688 1908 724 1973 ὃν
738 1906 889 1994 Ἠγερίας
909 1932 944 1973 τε
958 1910 1016 1973 καὶ
1031 1910 1099 1975 τῶν
1111 1910 1247 1975 Μουσῶν

167 2006 344 2073 πυθέσθαι
382 2024 556 2090 pronomen
579 2004 616 2071 ὃν
648 2008 679 2071 iu
712 2008 877 2093 plerisque
912 2006 1004 2073 codd.
1040 2028 1121 2075 mern
1150 2010 1246 2077 uenat

168 2106 320 2173 Sinteuis
342 2123 385 2171 ex
407 2104 567 2189 Stephani
588 2106 839 2191 interpolatione
860 2108 1040 2194 proseptum
1069 2128 1149 2175 ease
1166 2108 1248 2175 'dicit

168 2212 202 2271 et
224 2211 314 2271 reete
336 2205 468 2271 delevit
513 2202 650 2272 Offendo
679 2212 787 2272 tamen
816 2207 849 2271 in
877 2207 946 2272 ioco
972 2208 1070 2295 uerti
1095 2210 1247 2290 λέγεσθαι

168 2305 251 2391 quod
274 2312 352 2371 ante
374 2301 473 2385 λόγον
494 2306 684 2372 collocatum
706 2307 808 2373 fuisse
830 2306 1022 2372 censuerim.
1066 2302 1248 2393 61ρ.ΧΙΧ.

168 2403 230 2471 ⁷2.
252 2422 279 2470 o.
303 2405 335 2468 in
357 2403 484 2470 verbis:
506 2415 580 2481 ταῖς
600 2404 779 2482 καλάνδαις
798 2412 1060 2491 ἐστεφανωμέναι
1080 2410 1119 2473 αἱ
1138 2414 1249 2489 γυναῖ-

166 2528 218 2582 κες
235 2507 373 2592 μυρσίνῃ
394 2501 546 2570 λούονται
573 2524 637 2571 non
664 2504 774 2573 dubito
803 2505 878 2592 quin
898 2502 1161 2593 &meoparonem
1180 2512 1251 2595 post

165 2614 315 2687 γυναῖκες
335 2604 554 2671 collocandum
574 2606 628 2671 sit.
675 2606 824 2672 Pertinet
843 2606 929 2673 enim
949 2604 993 2673 nd
1004 2606 1251 2691 pupulnpetnio

166 2705 211 2770 uti
235 2704 332 2789 vuigo
354 2705 543 2771 oolioootum
567 2712 676 2790 potest
698 2726 762 2772 uon
784 2705 887 2771 solum
908 2729 936 2769 τ.
959 2702 1143 2783 καλάνδαις
1169 2706 1251 2774 malo

165 2805 303 2889 intelligi
324 2806 418 2890 quasi
439 2824 511 2872 curn
532 2812 637 2891 ἑστιφ.
659 2807 705 2872 sit
725 2806 931 2893 struendum,
972 2804 1157 2873 sedetiam
1175 2830 1251 2891 μυρ-

166 2907 258 2987 σίνῃ,
286 2905 379 2991 quasi
409 2925 480 2971 oum
509 2902 663 2972 λούονται
693 2907 739 2979 sit
767 2904 1032 2993 conjungendum·
1075 2906 1124 2973 111.
1148 2904 1252 2975 wi·

165 3023 224 3088 pro
246 3010 280 3069 ἐν
301 3014 369 3079 τοῖς
390 3009 542 3082 παλαιοῖς
561 3002 648 3070 πάνυ
668 3012 746 3073 ante
767 3013 830 3073 εἴτε
850 3006 981 3075 videtur
1000 3005 1111 3092 optino
1131 3012 1168 3073 dv
1186 3014 1253 3085 eoin

164 3103 249 3170 πάνυ
276 3111 429 3181 παλαιοῖς
457 3105 663 3171 scribendum
692 3124 779 3172 esse.
833 3107 888 3173 Ad
916 3106 977 3173 hoo
998 3106 1087 3173 enirn
1107 3108 1252 3189 vertuno,

166 3224 230 3270 non
253 3210 362 3270 autern
382 3204 424 3271 od
445 3202 614 3287 γενόμενος
634 3214 691 3272 aut
711 3205 800 3273 uliud
820 3208 956 3273 verbum
975 3204 1063 3272 noina
1083 3206 1233 3275 refertur.

247 3305 286 3369 ln
308 3305 618 3390 comparatione
641 3306 823 3391 Lycurgi
845 3324 929 3373 eum
950 3306 1081 3373 Numa
1101 3326 1130 3373 e.
1147 3306 1251 3377 1111.

165 3422 194 3470 c.
226 3404 258 3469 in
285 3404 420 3469 verbist
464 3405 528 3468 τῶν
548 3401 580 3468 δ’
605 3407 674 3487 ἰδίᾳ
694 3409 849 3493 ἑκατέρου
869 3407 978 3472 ααλολυ
999 3406 1145 3473 soriam
1165 3408 1252 3475 onon

164 3504 318 3590 seriptum
340 3503 412 3571 fuit.
454 3505 503 3570 lb.
526 3505 559 3571 in
581 3505 711 3571 verbis:
732 3501 790 3571 τὸν
810 3507 869 3588 μὲν
889 3505 1001 3593 νὺριον
1021 3506 1125 3591 ἕτεροι
1145 3502 1251 3573 αὐτῶν

162 3612 364 3684 κατέστησαν
386 3605 458 3673 eod.
482 3611 571 3672 teste
592 3602 762 3692 Stephano
785 3606 886 3675 habet
906 3607 1026 3674 vitiose
1046 3606 1177 3697 ἕτερον,
1217 3612 1251 3675 οῖ

162 3707 196 3771 in
216 3706 337 3792 antiqu.
359 3705 497 3792 exempl.
520 3706 620 3771 etiam
640 3703 749 3772 αὐτῶν
771 3706 907 3792 iegitur,
951 3705 1037 3794 quod
1057 3704 1250 3795 stepnuum

157 3808 231 3888 jnre
253 3807 407 3873 correxit.
450 3805 570 3871 Scribe
595 3813 703 3872 autem
731 3827 802 3875 oum
842 3808 913 3875 ouri.
942 3808 1048 3895 Sang-
1075 3808 1120 3893 Α.
1147 3806 1190 3875 G.
1214 3814 1250 3875 et

162 3894 342 3973 Sintenisio
364 3908 466 3990 ἕτερον
493 3902 605 3991 κύριον
636 3903 751 3971 αὐτῶν.
794 3908 843 3975 lb.
877 3908 940 3975 711.
964 3908 995 3975 d.
1026 3908 1158 3975 11011111
1181 3898 1248 3975 ’011

160 4001 224 4089 γάρ
246 4001 406 4091 θώρακας
427 4006 556 4069 tuitione
578 4006 636 4069 καὶ
656 4002 734 4094 ξίφη
755 4009 833 4084 τοὺς
861 4012 996 4085 πολίτας
1024 4008 1238 4075 uetustam
