2580 4514
522 161 553 172 -
623 74 792 190 essu-

97 297 128 361 b.
163 295 197 360 in
228 293 355 360 verbis:
382 299 434 357 «ἐν
455 294 489 356 ti
510 294 557 374 τῴ
578 289 755 372 διαμένον
774 293 1044 374 Λακεδαιμονιλνν
1064 297 1194 386 στρατῷ
1251 317 1270 372 ἢ

96 391 233 477 μεγάλῳ
255 391 461 478 ἐμβαλόντων
482 397 527 467 εἰς
554 390 612 470 τὴν
639 389 874 477 Ταναγραὶκὴν
901 412 960 478 pru
987 394 1196 479 ἐμβαλόντων

99 495 369 581 exspectaverim
390 488 656 580 μεταβαλόντων,
677 510 747 558 cum
771 492 996 561 Athenienses
1017 495 1191 562 Laccdae-

99 597 235 662 mcnics
251 591 428 660 redeuntes
450 600 485 659 et
510 592 552 658 ad
580 612 620 659 ea
647 592 719 668 ioca
746 599 957 659 revertentes
982 595 1049 660 sint
1076 596 1191 662 adorti.

101 697 142 762 V.
166 692 315 782 Thucyd.
336 699 366 770 l,
394 693 483 758 1117.
527 692 682 771 c.xv1,
711 691 795 757 ¹59.
818 711 849 759 e.
879 713 942 758 nun
973 693 1082 761 dubito
1116 696 1191 782 quin

99 796 181 864 ordo
203 795 391 862 verborum:
414 790 514 870 οὕτως
535 795 677 864 ἐπανθεῖ
693 817 743 868 τις
763 790 914 872 καινότης
934 792 983 859 νἰεὶ
1005 787 1150 861 ἄθικτον
1172 813 1193 862 e

99 896 195 962 codd.
217 893 310 961 Budt.
328 893 362 958 3.
383 893 420 960 C.
444 901 479 959 et
500 895 593 960 sunt
613 895 656 959 sit
679 893 852 958 mutandus
874 901 909 959 et
930 890 1031 970 οὕτως
1052 897 1196 960 ἐπανθεῖ

99 994 254 1074 καινότης
275 992 330 1060 ἀεί
348 1019 396 1070 τις
417 993 561 1060 ἄθικτον
582 994 796 1059 scribendum.
841 994 887 1059 lb.
912 992 999 1064 160.
1016 1015 1042 1060 c.
1067 997 1098 1059 in
1116 1013 1191 1061 ver*

100 1097 152 1162 bis
174 1092 295 1160 τούτου
316 1086 508 1180 δημιοοργός
538 1101 571 1158 ἐν
597 1097 637 1177 τῇ
667 1096 767 1176 στήλῃ
795 1093 877 1158 εἶναι
909 1101 1088 1182 γέγραπται
1117 1095 1191 1162 dele

99 1220 216 1266 δίθαὶο.

187 1300 226 1358 lu
240 1294 296 1359 vit.
311 1295 424 1359 Fabii
447 1293 611 1359 Maximi
631 1297 746 1359 cvii.
767 1291 854 1359 178.
866 1296 945 1362 bin
963 1295 1091 1360 verbis:
1113 1273 1192 1372 ἧκον

99 1393 257 1478 crispiac
276 1399 386 1480 χεῖρας
408 1413 438 1458 ο.
458 1390 587 1460 Sinteu.
610 1415 630 1460 e
652 1393 746 1459 ΒοιίΙ.
771 1392 806 1459 3.
829 1395 870 1459 Α.
892 1403 927 1461 ct
949 1392 987 1460 C.
1010 1398 1119 1481 recipe
1132 1413 1191 1480 pru
1245 1446 1247 1450 »

101 1495 194 1579 αὐτῷ
217 1491 326 1559 αὐτόν
347 1496 367 1558 i.
392 1515 421 1560 e.
451 1493 583 1559 miiitum
605 1494 700 1559 Fabii
728 1495 802 1559 siue
823 1495 1063 1582 Rornanorum,
1106 1491 1208 1560 uudc'

98 1596 223 1662 Fabius
245 1612 311 1660 rem
330 1588 495 1679 'cognovit
538 1595 584 1659 lb.
614 1591 699 1659 178.
723 1601 752 1660 e.
773 1595 807 1657 in
830 1596 957 1662 verbis:
981 1593 1189 1676 Ὼμολογήιιτι

98 1693 163 1781 γὰρ
187 1693 276 1777 αὐτῷ
298 1693 403 1780 ἄνδρα
423 1695 480 1775 μὲν
502 1691 596 1780 ἀνδρὶ
617 1691 760 1759 λόεσθαι
781 1696 846 1760 τόν
860 1692 1079 1780 ἁλισκομένων
1092 1697 1189 1762 Reis-

99 1796 193 1880 kius,
216 1815 317 1880 ,quem
338 1801 472 1860 secutus
494 1805 547 1860 est
570 1795 705 1860 Hutteu.
740 1794 783 1860 de
804 1815 863 1861 suc
886 1795 993 1862 deditr
1020 1785 1193 1878 epotum..

98 1917 213 1959 κιιοαν
232 1892 296 1979 γὰρ
317 1893 438 1971 αὐτοῖς.
480 1893 640 1982 Equidem
661 1891 859 1976 ὡμολογήκει
881 1894 1039 1982 defendo,
1060 1897 1134 1982 quia
1155 1896 1187 1961 id

99 2002 251 2079 urgetur,
294 1995 428 2060 Fabium
450 1996 516 2061 talc
538 1996 614 2082 quid
643 1997 876 2082 concessisse,
918 1995 979 2063 sed
1011 2017 1070 2083 pru
1098 1993 1188 2079 αὐτῷ

79 2096 288 2180 ¹scripserim
309 2113 380 2159 cum
403 2096 478 2160 Ald.
500 2095 590 2162 Junt.
619 2093 733 2173 αὐτοῖς
760 2097 833 2162 sive
860 2093 972 2173 αὐτοῖς
998 2098 1019 2162 i.
1048 2116 1077 2163 e.
1107 2094 1190 2182 ipsis

100 2204 135 2262 et
156 2194 260 2259 Fabio
282 2194 427 2260 Romanu
450 2203 485 2261 et
506 2195 618 2262 Poeno
648 2197 795 2281 singulus
824 2198 974 2282 captivus
1000 2184 1186 2282 permutari.

98 2296 171 2362 Liv·
194 2297 310 2373 XXII,
334 2293 386 2361 33
420 2296 534 2362 babet:
558 2303 765 2362 convenerat·
779 2297 865 2360 inter
886 2297 989 2362 duces
1008 2297 1188 2363 Romanum

99 2394 320 2480 Poenumque.
365 2392 402 2460 C.
429 2401 529 2482 Vlll,
561 2391 650 2461 179.
677 2415 706 2461 ο.
736 2402 813 2482 pust
839 2399 1079 2480 προσγενέσθαι
1111 2404 1188 2466 ante

99 2493 141 2572 ὡς
161 2482 337 2576 κρατοῦντι
357 2499 414 2574 τῆς
431 2493 572 2572 Ἰταλίας
595 2515 697 2582 pausa
718 2505 780 2562 cst.
824 2491 862 2560 0.
875 2498 967 2562 XIV.
994 2493 1081 2562 182.
1103 2516 1130 2562 c.
1153 2498 1186 2563 in

98 2597 227 2663 verbis:
250 2597 307 2660 καὶ
328 2597 521 2678 καταπλῆγα
542 2600 579 2661 ἔκ
598 2619 686 2671 τινος
707 2595 894 2680 καταδικης,
916 2595 1014 2681 vulgo
1035 2603 1112 2682 post
1127 2617 1187 2661 κα·
1208 2669 1210 2678 ‚

99 2699 251 2778 ταπλῆγα
272 2696 396 2762 addunt
421 2685 548 2762 πολλῶν
560 2743 571 2783 ,
598 2695 682 2782 quud
705 2695 836 2762 Cruser.
859 2695 1094 2781 interpretetus
1116 2701 1187 2762 cst:

98 2803 324 2883 paventem
354 2797 504 2882 piebis,
548 2795 633 2862 uude
661 2796 812 2882 Bryunus
846 2797 985 2880 conjecit
1018 2797 1186 2865 articulum

97 2900 162 2963 τῶν
184 2916 262 2962 esse
287 2897 480 2964 addendum.
508 2897 670 2982 ,Tuupius
691 2898 724 2964 in
746 2897 881 2964 suidam
904 2901 935 2977 l,
958 2896 1049 2962 317.
1073 2916 1187 2964 οιοοο-

98 2997 193 3063 davit
216 2994 277 3061 ὑπὸ
300 2999 364 3062 τῶν
384 2998 520 3062 πολλῶν.
564 2999 610 3062 At
632 2994 695 3062 ὑπὸ
716 2998 844 3062 minime
873 2999 1094 3065 necessarium
1122 3004 1187 3074 cst,

96 3098 182 3183 ‹puud
205 3096 316 3164 disces
338 3117 381 3162 cx
404 3097 561 3162 similibus
583 3118 603 3161 a
624 3097 743 3162 Matth.
768 3095 822 3162 Gr.
848 3117 896 3182 gr.
921 3096 1012 3163 344.
1052 3098 1186 3165 Articu-

97 3199 159 3263 ium
181 3217 246 3263 nun
267 3197 433 3287 imprcbn3
475 3217 539 3262 nun
562 3199 608 3263 ita
631 3198 745 3285 probo,
776 3199 861 3284 quud
882 3199 1040 3266 Reiskius
1060 3199 1186 3264 πολλῶν

97 3298 139 3364 ad
162 3298 312 3382 superius
335 3297 469 3362 verbum
491 3295 596 3383 ἄνδρα
616 3304 692 3365 ante
715 3301 861 3380 πολέμων
882 3299 1104 3385 transposuit,
1128 3297 1185 3364 *ubi

96 3397 226 3465 minime
249 3397 470 3476 desideratur,
514 3416 584 3462 cum
608 3397 659 3461 bic
680 3398 747 3463 talc
769 3397 843 3484 quid
866 3399 942 3466 addi
963 3405 1185 3484 exspectetur.

97 3499 238 3566 Reisiric
260 3506 476 3563 assenserunt
496 3498 635 3563 Hutten.
661 3493 787 3564 Cernes
808 3507 842 3565 ct
855 3499 1026 3566 Schuescr.
1050 3498 1187 3565 Rectius

95 3600 225 3666 Sintes.
248 3599 397 3664 librorum
419 3599 613 3684 scripturam
635 3597 777 3677 retinuit.
822 3598 914 3680 Quae
924 3617 953 3664 c.
968 3602 1075 3666 XVII.
1095 3596 1183 3662 184.

95 3722 123 3765 ιι.
150 3701 319 3782 leguntur:
363 3697 421 3762 Σὺ
442 3700 537 3780 νικᾲν
559 3697 667 3775 οἶδας,
690 3703 764 3782 νίκῃ
784 3701 818 3765 ct
837 3700 988 3786 χρῆσθαι
1010 3697 1071 3764 οὐκ
1094 3697 1185 3773 οἶδας

95 3802 202 3867 verba
220 3806 298 3864 suut
319 3800 455 3864 Raucae.
500 3804 580 3865 ltem
602 3799 750 3865 fortusse
767 3801 931 3867 ferendum
952 3805 1012 3866 est
1040 3797 1124 3884 qurud
1154 3817 1182 3861 c.

92 3904 220 3966 XXVI.
248 3896 336 3966 189.
350 3901 379 3965 d.
403 3900 536 3985 iegiturz
558 3898 701 3979 χαλεπὸν
721 3897 785 3986 γ’όρ
807 3899 857 3965 ἀεὶ
880 3900 1023 3978 εὐτυχεῖν
1044 3895 1102 3961 τὸν
1122 3893 1184 3959 uri-

90 4003 150 4068 τόν
173 4003 292 4088 quippe
315 4022 397 4087 quac
419 4003 586 4067 sententia
608 4002 650 4065 sit
672 4003 704 4066 iu
727 4002 883 4066 cummuni
912 4000 979 4066 uita
1007 4017 1067 4062 usu
1098 3996 1183 4061 trita.
