2580 4514
91 288 266 353 fuerunt
287 288 420 349 autem
442 266 651 367 nonnulli,a
682 280 751 367 qui
778 300 862 348 oum
891 271 1021 360 multa
1041 285 1091 351 de
1111 287 1187 352 Al-

95 385 270 452 cibiade
302 388 344 448 et
372 383 562 447 Phaeaoo
598 383 765 466 scripta
794 383 1087 468 reliquissent.
1142 389 1187 450 rlt

96 479 167 552 uon
189 491 277 550 recte
299 482 461 547 intellexit
482 477 676 565 genitivum,
720 485 773 568 qai
790 503 836 572 ,a
849 481 946 565 ’λόγος
967 486 1089 568 regitur
1101 533 1111 572 ,
1155 497 1189 552 at
1212 521 1224 576 q

98 586 269 652 sententia
290 584 351 646 sit:
379 583 587 667 profertur
615 584 753 648 oratio
781 584 977 668 quaedam
1005 586 1044 649 io
1073 586 1191 650 Alci-

101 686 268 753 biadem
301 683 425 748 etiam
461 681 664 746 l'haeaois
696 678 782 769 (uon
805 681 1092 776 solumaliurum).
1133 687 1189 759 ,V.

99 787 319 854 Sinteuisium
361 783 403 846 ad
434 783 594 847 l’eriolem
623 805 657 867 p.,
683 779 774 848 279.
814 803 933 868 (quem,
978 797 1189 871 posteaquam

101 889 188 953 haec
211 886 344 972 scripsi,
366 883 433 948 vidi
456 883 538 947 idem
561 885 702 970 sentire,
730 884 824 948 modo
846 891 881 948 ul
904 905 965 948 ooo
987 878 1071 950 male
1093 888 1190 950 eliam

101 989 241 1054 altorum
268 990 325 1051 καὶ
362 987 475 1050 iuter
507 985 589 1048 alia
621 985 791 1068 explicans
820 984 981 1050 defendat.
1049 985 1086 1051 C.
1116 987 1213 1074 xv..

106 1085 199 1153 198.
222 1089 253 1153 d.
276 1069 394 1159 verba:
416 1087 649 1149 καταπιοῦνται
671 1084 755 1166 ὑμᾶς
771 1083 946 1162 Ἀθηναῖοι
961 1093 1037 1150 sunt
1052 1087 1192 1151 Patren-

102 1191 188 1256 sium
211 1197 244 1254 et
267 1185 302 1254 (λ
327 1187 416 1251 XVl.
443 1184 530 1250 199.
555 1187 583 1250 b.
609 1207 665 1270 pro
687 1181 830 1267 γυναῖκα
850 1192 928 1250 aule
957 1191 993 1249 ἐκ
1024 1189 1087 1252 τῶν
1114 1193 1150 1251 αἰ
1173 1225 1192 1238 -
1218 1191 1222 1199 ‘

102 1287 263 1372 μκλώτων
279 1287 467 1372 δξελρμενον
491 1289 609 1372 poterit
621 1278 744 1368 γυναῖκ’
762 1287 869 1361 scribi,
891 1286 950 1351 sed
963 1289 1059 1352 etiem
1072 1278 1192 1353 deinde

104 1397 142 1456 ἐκ
166 1390 276 1455 deleri.
322 1384 357 1453 C.
379 1389 487 1452 ΧΧΙΙ.
512 1385 603 1451 202.
626 1387 655 1451 d.
682 1385 773 1465 δειξω
798 1384 911 1460 αὐτοῖς
939 1383 990 1450 ὅτι
1017 1388 1060 1466 ζῶ
1091 1375 1192 1452 verba

103 1492 180 1577 ips'a
203 1489 380 1554 Alcibiadis
402 1497 488 1554 suot.
549 1486 587 1554 0.
608 1489 733 1553 XXlll.
757 1481 856 1552 203.x
870 1507 898 1552 c.
922 1486 1045 1559 Coruus
1065 1480 1089 1554 ‘e
1112 1509 1193 1559 cou-

100 1595 232 1672 jeotura
254 1590 376 1675 Bryani
398 1589 517 1654 edidit:
560 1595 595 1652 ἐν
610 1586 730 1673 ΧΘροὲκη
750 1585 967 1669 μεθυστικός,
989 1586 1043 1677 [ἐν
1066 1587 1191 1653 Θεττα-

104 1689 191 1780 λίην]ι
213 1688 447 1766 landuuade.-
487 1691 591 1773 Volgo
622 1695 656 1752 du
687 1690 848 1770 Θετταλία
874 1689 993 1770 deest,
1034 1682 1194 1755 Baehrius
1248 1706 1251 1713 ’

104 1798 216 1857 tamen
239 1792 272 1854 in
289 1789 326 1853 C.
348 1791 476 1855 invenit
496 1790 635 1876 indeque
657 1809 759 1855 uncos
782 1784 919 1855 removit
941 1810 1194 1875 commemorans

108 1892 230 1956 Athen.
253 1891 329 1955 Xll.
351 1888 440 1959 534
463 1893 491 1955 ll.
514 1897 548 1954 ἐν
564 1891 726 1972 Θετταλία
747 1892 780 1955 δὲ
801 1893 1010 1977 ἱπποτροφῶν
1031 1893 1087 1954 καὶ
1108 1880 1194 1967 ήνιο-

104 1993 191 2070 χῶν,
213 1999 323 2078 reete,
342 1989 435 2056 modo
458 1997 493 2054 ut
515 1992 670 2084 sortasse·
678 1994 781 2056 verba
795 1999 835 2055 ’ὲν
859 1991 1022 2072 Θετταλίᾳ
1044 1996 1119 2076 post
1140 1987 1196 2054 λα’

105 2089 263 2188 ααστικὸς
287 2093 353 2156 sint
374 2091 652 2175 transponenda«
672 2090 757 2156 lade
775 2092 872 2156 etiam
894 2091 1035 2157 sortasse
1048 2097 1117 2156 est·
1132 2109 1200 2155 ex«

107 2191 299 2278 plioaudum
321 2191 405 2277 quod
427 2192 508 2256 haee
529 2193 634 2258 verba
654 2194 688 2257 iu
709 2193 853 2276 plurimis
874 2191 968 2256 codd.
990 2193 1118 2269 absunt,
1139 2191 1194 2256 vi-

106 2293 270 2359 debantur
290 2311 352 2356 noo
375 2312 434 2355 suo
457 2292 527 2356 loco
550 2308 628 2356 esse
651 2290 792 2374 scripta,
820 2292 895 2375 quia
923 2292 955 2354 in
979 2292 1100 2356 celeris
1122 2297 1194 2357 ter-

106 2412 166 2459 rae
187 2411 303 2457 nomeu
319 2397 378 2456 est
400 2393 607 2477 propositum.
653 2388 691 2456 C.
712 2390 838 2455 XXlV.
862 2387 953 2454 204.
976 2409 996 2454 a
1016 2409 1074 2475 pro
1097 2393 1197 2477 φιλο·
1244 2467 1247 2475 Ι

106 2491 276 2574 τιμὸτατοι
298 2491 357 2570 ήδη
377 2489 435 2568 τὸν
447 2489 652 2571 Ἀλκιβιάδην
672 2489 867 2580 ἐβαρύνοντο
892 2486 1021 2557 Sinten.
1043 2511 1071 2556 e.
1083 2492 1198 2558 Beleia·-

71 2646 77 2650 .
106 2595 157 2660 rio
178 2591 238 2670 ήδη
259 2612 285 2658 c.
309 2593 413 2659 Paris.
436 2595 478 2674 A.
507 2593 544 2657 ll.
569 2593 605 2658 Ο.
630 2594 671 2657 l).
696 2593 836 2678 E.·posl
855 2589 1061 2676 Ἀλκιβιάδην
1083 2599 1197 2656 traus-
1263 2588 1272 2594 ’

98 2686 227 2783 posuit.
265 2694 301 2758 ln
325 2695 363 2758 F.
385 2692 443 2757 τὸν
461 2692 668 2776 Ἀλκιβιάδην
690 2702 741 2760 est
763 2695 925 2757 omissum.
956 2691 1115 2777 Equidem
1135 2691 1197 2770 ήδη

108 2797 184 2863 olim
206 2815 271 2860 uon
292 2793 613 2878 adscriptumluisse
636 2799 734 2860 etex
756 2792 837 2871 ἀδην
859 2795 891 2858 in
908 2791 1117 2877 Ἀλκιβιάδην
1138 2782 1194 2859 οι·-

107 2905 176 2963 tum
198 2915 274 2974 esse
296 2901 382 2979 poto.
425 2893 461 2959 C.
483 2895 606 2959 xxvl.
636 2893 728 2967 206.
757 2907 788 2958 a.
820 2913 840 2958 e
869 2897 1005 2978 conject.
1031 2891 1147 2961 Calais
1177 2914 1198 2961 a

108 2997 291 3064 Schuefero
313 2995 433 3061 editum
455 3003 526 3060 est:
548 3005 616 3070 τοῖς
636 2999 694 3076 μὲν
709 2999 871 3076 πολεμίοις
884 2993 987 3072 εὐθὺς
1000 2999 1084 3074 ἔχειν
1099 2994 1195 3082 drudp-

107 3122 166 3177 χεν
187 3097 308 3179 ἀμαχεὶ
327 3095 451 3160 Ἰωνίαν
472 3093 624 3173 ἅπασαν,
653 3091 891 3174 Ἑλλήσποντον
912 3098 968 3160 καὶ
990 3093 1049 3172 τὰς
1070 3093 1195 3174 νήσους.

114 3199 220 3282 Vulgo
242 3199 325 3262 euim
347 3195 467 3278 ἀμαχεὶ
490 3205 565 3281 post
583 3194 822 3277 Ἑλλήσποντον
843 3197 1024 3275 collocant,
1049 3198 1132 3283 jure·
1145 3197 1197 3263 al·

108 3301 260 3365 firmante
282 3299 442 3363 Baehrioz
464 3300 569 3385 „satis
590 3303 737 3382 constat,
758 3305 911 3385 quantum
933 3297 1103 3364 sibi-haud
1124 3318 1198 3364 raro

109 3401 237 3466 Noster
259 3399 430 3463 indulserit
451 3399 483 3462 in
507 3401 598 3482 justo
627 3400 799 3486 uerborum
828 3400 942 3466 ordine
969 3392 1198 3464 invertendo.“

110 3500 271 3566 Reiskius
292 3501 365 3564 siue
386 3500 504 3566 idonea
526 3520 625 3566 causa
647 3509 726 3567 aute
736 3499 976 3578 Ἑλλήσποντον
997 3500 1122 3567 addidil
1142 3499 1200 3564 καὶ

89 3598 186 3668 -τὸνι
222 3598 260 3666 C.
282 3601 440 3665 xxvlu.
464 3598 553 3665 207.
574 3620 605 3665 a.
628 3602 660 3666 iu
683 3602 812 3668 verbis:
847 3598 895 3665 Οὐ
915 3599 980 3686 γὰρ
1000 3598 1102 3682 μόνον
1122 3596 1198 3690 τοὺς

110 3704 282 3783 πολεμίους
303 3695 440 3778 ἔλαθεν,
469 3698 554 3766 ἀλλὰ
575 3703 632 3765 καὶ
653 3699 728 3778 τοὺς
745 3698 948 3778 Ἀθηναίους
972 3695 1200 3782 ἀπεγνωκότας
1256 3750 1260 3755 .

79 3796 85 3802 ’
110 3801 174 3880 ήδη
195 3805 329 3885 ἐμβήνκι
350 3800 503 3878 κελεύσας
524 3799 670 3879 τ’ννήχθη.
716 3800 872 3865 Reiskius
894 3805 969 3886 post
990 3801 1113 3866 ἔλαθον
1143 3804 1201 3862 aut

110 3901 443 3985 παρασκευασάμενος
464 3880 641 3986 καῖ’ὲμβολς
655 3901 909 3968 subaudiendam
926 3919 1004 3966 esse
1018 3901 1106 3984 dicit,
1130 3916 1201 3963 uum

109 4003 260 4089 equidem
289 4004 627 4069 ouanteeedeutibus
659 4003 699 4068 ad
728 4003 850 4067 ἔλαθεν
878 4002 1074 4066 senteutiam
1110 4000 1196 4082 ejus·
