2564 4508
470 139 744 203 -lla-

58 292 226 368 orestes?
245 301 420 369 Nostrum·
441 304 512 372 hier
533 307 638 375 haben
660 308 715 376 dio
735 307 965 385 nwiililllilter
985 310 1052 378 den
1064 310 1138 379 Ilo-

56 403 204 470 meniden
225 404 291 471 und
311 405 439 473 benten
461 409 526 475 wie
547 408 621 475 dem
636 407 806 476 Orestes
796 433 817 474 1.
831 429 859 477 e
873 409 1016 479 Oresten
1029 413 1139 481 lleelot

59 505 272 591 gesproelren.
322 507 428 575 Nemo
457 509 596 577 offendet
625 507 726 593 649,
755 509 855 576 78.
846 532 879 577 ιιι
899 509 1023 590 ποιήσει
1050 510 1137 596 ἀλλ’,
1176 578 1184 595 ,

10 644 14 651 -
61 604 119 671 sed
132 600 228 693 643,
249 600 384 673 tarn:
406 632 451 691 τῳ
472 613 530 684 μὲν
551 609 856 699 ὃιάκοντιάπάρχα
876 613 1151 695 renuntiasse

10 724 12 735 ·
61 703 202 773 καθ’
184 729 237 777 ors·
259 715 332 775 erat
351 709 514 795 seriptum.
536 712 646 779 Verba
662 713 751 798 legis
771 719 847 779 sont
870 711 968 803 643,
991 710 1053 780 79.
1073 711 1135 802 φό-

16 876 19 881 ,
60 830 103 889 sp
126 803 177 886 ἓν,
220 810 267 873 uti
288 809 386 875 etiam
409 809 506 894 644,
528 811 591 879 74.
622 811 675 900 ἐφ
700 812 748 891 οἷς
769 811 924 894 1ξεῖναι’
905 813 1135 882 αποκτιννάναι

60 925 101 972 ex
119 907 246 992 legibus
264 911 369 996 petita
389 918 424 978 et
444 914 590 981 solennis
610 914 738 981 dioendi
761 917 844 981 ratio
866 921 929 981 est.
973 916 1048 983 Non
1069 917 1135 983 nni-

60 1027 117 1075 nns
136 1028 180 1077 ex
200 1010 276 1105 lege
298 1013 400 1098 petita
420 1021 496 1080 sont
517 1015 619 1082 verba
641 1012 738 1092 646,
761 1014 824 1082 77.
858 1020 969 1081 αἰτίαν
987 1002 1048 1102 ’ἔχῃ
1069 1025 1133 1084 ἐτέ-

19 1200 23 1207 Ι
59 1133 110 1193 ρον
131 1107 236 1197 φόνου
256 1116 415 1180 ἑκουσίου.
458 1118 533 1184 Νοιι
554 1117 706 1183 haerebis
728 1114 819 1198 646,
841 1114 957 1184 79.1ιι
976 1123 1085 1185 καίτοι
1105 1123 1135 1184 ιλ

58 1229 157 1298 neque
177 1208 243 1277 86.
266 1215 299 1280 in
318 1214 430 1298 χρόνοι
451 1225 485 1284 ἐν
506 1217 556 1295 οἷς
576 1239 681 1306 neque
703 1217 794 1302 648,
817 1218 881 1286 89.
902 1220 936 1284 io
957 1220 1069 1285 verbis
1091 1238 1134 1284 ex

58 1311 128 1398 lege
143 1316 311 1402 repetitis:
333 1316 474 1403 θανάτῳ
495 1317 654 1404 άποθάνῃ
675 1328 710 1387 et
731 1322 791 1401 τοῖν
811 1318 917 1407 φόνον
937 1318 1132 1399 ὑπόσχωσιν,

59 1415 137 1482 unde
157 1418 256 1485 etiam
278 1414 375 1498 649,
397 1417 462 1485 86.
490 1417 540 1487 ἐπ’
564 1418 659 1506 άνὸρλ
687 1419 812 1501 ἐξεῖναι.
843 1418 943 1507 650,
964 1416 1028 1486 89.
1055 1416 1133 1504 ὑπὲρ

57 1513 201 1597 aaron)
226 1516 309 1599 αιἰτὴ
346 1527 379 1586 et
406 1518 508 1606 651,
539 1517 604 1587 91.
631 1520 791 1609 άφέληται
819 1519 840 1600 ἢ
869 1520 1017 1587 desumto
1044 1527 1131 1585 sont.

58 1615 132 1684 lbid.
158 1619 193 1684 in
224 1621 354 1687 verbist
398 1621 456 1688 doio
483 1621 527 1706 μὴ
548 1623 702 1710 παράσχῃ
723 1629 768 1699 εἰς
788 1626 894 1709 κρίσιν
914 1618 973 1686 τὸν
993 1617 1131 1707 άφοιιρεὲ
1194 1630 1199 1640 ’

59 1718 158 1785 θέντα
176 1719 429 1790 Demosthenes
459 1725 691 1812 quodamnodo
724 1723 927 1808 legislatoris
961 1739 1063 1787 senso
1095 1728 1131 1787 et

58 1819 160 1886 verbis
178 1823 294 1907 pergit
338 1824 449 1892 Pausa
470 1835 524 1892 est
544 1825 640 1906 659,
662 1823 726 1892 96.
748 1827 833 1892 ἰιιιει
853 1819 982 1901 διδάξαι
1001 1819 1138 1908 oropo.

58 1921 250 2001 γι.11οι1ιιι
271 1924 355 1990 enim
375 1923 397 2002 ἢ
417 1927 638 2015 καθυφέντων
659 1946 762 2013 usqne
783 1926 826 1992 ad
853 1921 981 2002 διδάξαι
1007 1941 1130 2008 paren-

59 2020 182 2089 tlretioe.
189 2029 267 2090 sunt
287 2024 386 2091 diota.
428 2027 538 2093 Pansa
560 2028 657 2095 etiam
679 2032 732 2093 est
753 2022 857 2106 657,
889 2023 975 2089 119.
1006 2028 1082 2110 post
1103 2011 1129 2086 ά

58 2117 158 2209 ἄνδρας
168 2121 346 2203 Ἀθηναῖοι
367 2133 445 2193 ante
466 2125 581 2194 οὐδένα
602 2135 638 2195 et
658 2125 751 2208 658,
776 2071 865 2189 114.
887 2130 964 2210 post
973 2145 1037 2217 χρη
1050 2129 1129 2189 ante

59 2218 99 2286 οό.
138 2221 209 2290 Sed
231 2221 508 2310 solimam
530 2230 659 2293 verbis.
701 2224 833 2308 ὅτιμὲν
853 2222 1045 2315 ἐπολιόρκει
1047 2222 1129 2304 Ἀμ-

58 2326 208 2408 φλπολιν·
192 2344 262 2408 Jam
275 2325 463 2393 Diodorfius
484 2327 576 2394 oodd.
591 2326 667 2393 ΕΣ
673 2329 739 2393 ΥΩ
764 2331 898 2392 secutus
919 2327 1004 2392 bene
1025 2323 1132 2392 edidit

56 2419 239 2514 Αμφίπολιν
264 2426 452 2518 ἐπολιόρκει.
498 2428 612 2494 Facile
641 2429 730 2495 feres
754 2425 843 2491 117.
871 2422 981 2491 ἐπεὶ
965 2450 1016 2491 οτι
1037 2433 1072 2493 et
1092 2414 1128 2490 εὖ

58 2526 161 2592 εὶδόναι
199 2531 235 2594 et
270 2529 359 2596 inter
390 2525 607 2615 βουλήσονται
645 2535 680 2594 et
712 2515 748 2593 εὖ
785 2547 890 2613 pausa
924 2533 997 2606 est,
1027 2523 1128 2591 ·ιιιι(1ιι

57 2621 159 2692 961816
180 2634 259 2715 post
284 2627 501 2714 βουλήσονται
526 2629 741 2715 interpunxit.
785 2628 1004 2712 legislatoris
1023 2626 1128 2693 verba
1248 2669 1251 2676 ·

56 2723 187 2794 iniiatus
212 2734 268 2795 est
294 2735 402 2796 orator
432 2727 530 2819 669,
565 2727 710 2796 loo·
688 2753 730 2794 αν
763 2752 811 2804 τις
836 2726 1009 2810 ἀποκτείνῃ
1032 2723 1127 2791 Ἀλό-
1210 2804 1213 2811 ¹

58 2822 180 2917 ξαιδρον
216 2830 378 2897 scribens.
440 2829 481 2898 Si
507 2831 626 2899 deinde
651 2825 750 2910 661,
783 2825 870 2894 196.
897 2827 982 2894 haee
1012 2826 1126 2911 legun-

59 2933 117 2994 λιιι
156 2927 245 3013 'Eyoi
266 2932 395 3015 νομιζοι,
417 2918 443 2995 ά
464 2932 577 3017 άνδρις
596 2929 783 3009 Ἀθηναῖοι,
806 2925 869 2994 ὅσα
889 2929 946 3011 μὲν
967 2930 1032 2993 τῶν
1052 2924 1128 3008 ἡμε-

57 3034 140 3111 τέραν
158 3032 251 3097 όθάν
271 3034 328 3097 καὶ
348 3030 454 3115 νόμων
475 3034 673 3114 ἐπιθυμηταὶ
693 3026 857 3114 γενόμενοι
870 3031 1001 3095 πολῖται
1012 3026 1126 3094 λοποά-
1181 3092 1186 3105 ,

58 3127 146 3195 dadas
165 3131 341 3214 γενέσθαι,
383 3128 454 3214 ἅμα
474 3131 504 3199 τ’
529 3130 648 3209 αὐτοὺς
669 3129 712 3198 oio
732 3127 903 3213 τυγχάνειν
924 3126 1047 3215 τούτοιν
1068 3131 1126 3194 καὶ

58 3226 120 3316 παρ’
142 3228 232 3312 ἡμῶν
254 3237 355 3297 οἰκεῖν
384 3235 442 3298 καλ
472 3242 614 3316 μετέχειν
642 3222 688 3297 ὦν
718 3227 947 3312 ἐπεθύμησαν,
992 3227 1127 3296 offendit

58 3323 241 3398 δολοοόοιιιο
260 3333 294 3398 in
316 3333 475 3419 porticula
496 3330 537 3399 άν
559 3340 594 3398 et
615 3334 800 3418 suspicatur
829 3331 904 3417 quia
930 3329 1002 3396 ood.
1028 3350 1061 3397 v.
1082 3327 1125 3396 άν

59 3424 161 3508 νόιοός
171 3431 311 3511 habeat,
330 3453 402 3501 eom
414 3441 525 3511 natam
537 3451 616 3500 esse
629 3453 648 3499 e
661 3433 760 3518 priori
774 3432 903 3518 syllaba
915 3430 1124 3517 pronominis,

58 3546 88 3593 se
103 3531 187 3599 enirn
208 3533 288 3599 dicit
309 3554 372 3600 non
392 3535 576 3620 intelligere
598 3534 674 3622 quid
696 3534 749 3600 hio
770 3533 891 3599 valeat.
921 3533 970 3597 At
991 3536 1124 3599 senten·

59 3627 93 3695 tia
118 3639 195 3699 est:
238 3651 359 3700 censeo
386 3636 519 3722 quidem·
541 3636 615 3701 illos
644 3653 685 3702 ea
710 3634 753 3700 do
783 3652 883 3698 eausa
900 3633 957 3717 jus
978 3632 1126 3698 civitatis

56 3728 177 3818 adeptos
198 3734 257 3803 lrio¹
273 3735 377 3802 fnisse
396 3737 609 3804 habitaturos.
652 3732 723 3801 Sed
745 3751 810 3801 non
831 3734 884 3799 hio
911 3733 1060 3801 habitant
1091 3733 1125 3810 ii,

54 3829 95 3913 qni
112 3834 303 3918 petiverunt
326 3836 404 3902 illud
420 3839 487 3922 jus,
509 3836 613 3903 veluti
628 3832 744 3922 Cotys,
767 3854 845 3920 ergo
867 3834 942 3900 aliis
957 3833 999 3900 de
1013 3833 1124 3899 causis

52 3933 234 4019 diverunt.
301 3935 462 4024 Equidem
496 3938 607 4005 autem
639 3937 738 4004 etiam
767 3936 829 4017 iis,
870 3953 953 4020 quae
984 3937 1122 3999 antece·

50 4027 137 4119 dunt,
158 4033 202 4103 άν
223 4036 407 4106 addendam
428 4057 507 4112 esse
528 4056 650 4105 censeo
671 4043 707 4104 et
728 4034 949 4105 seribendumr
991 4033 1122 4098 πολῖται
