2564 4508
473 197 516 212 ...
581 159 749 250 183,-

54 336 96 419 tq}
118 334 185 418 ἐμή
206 322 298 414 οἰκία
318 319 370 409 ἢν.Ι
387 327 455 395 »19.
476 328 539 413 ἐγώ
560 325 778 412 ἠγανάκτουν.
801 325 897 417 901,
925 325 984 393 13.
1007 327 1070 411 ἐγώ
1090 333 1156 412 εἰμι

56 434 182 500 ἀθλία.
203 429 301 512 999,
329 428 387 496 14.
414 431 530 516 βιβλίῳ
551 437 699 513 ἐνεγκεῖν.
732 430 794 496 15.
825 430 948 497 πολλοῦ
980 427 1154 509 ἀξια-σὺ

59 532 337 618 ἐτόλμησας-σοι
358 532 473 599 ἔδωκα.
497 527 665 620 905220.
683 528 768 596 ὀκτάι
782 534 885 629 ἔτεσιν
900 535 934 598 et
948 529 997 596 sic
1018 530 1152 615 reliqua.

142 667 184 735 In
220 673 304 736 orat.
335 665 497 733 XXXIII.
526 662 785 752 Olympiaca:
825 663 928 744 911,
968 665 1005 730 1.
1034 659 1151 753 Ιγρόνιμ
1229 743 1230 746 ¹

59 767 248 855 ἀλλοτρίως.
272 765 368 856 919,
390 764 426 832 3.
447 762 514 845 ήκω
535 763 582 831 οά.
607 762 704 847 913,
728 763 764 832 3.
785 769 901 845 πολλοῦ
922 764 1023 845 ἀξίου.

140 903 183 971 In
204 908 287 970 urat.
309 900 466 969 XXXIV.
490 901 539 969 de
566 901 786 987 republica
806 897 1148 969 Atheniensium

60 1003 162 1092 917,
187 1003 221 1068 1.
242 1003 281 1084 δή
304 994 401 1070 οὖτα.
423 1000 521 1091 918,
545 1001 578 1068 3.
599 1008 682 1085 γένει
704 999 970 1084 ἀπελαυνόμενος.
994 996 1092 1080 993,
1114 996 1151 1065 8.

57 1103 299 1186 ἀπαντήσονται
331 1101 548 1173 ὅπλα-δοκεῖ
579 1098 846 1186 εἶναι-τοσούτῳ
874 1103 1081 1184 ἐπιθυμοῦσα.
1110 1093 1146 1164 9.

10 1198 12 1210 '
56 1205 148 1292 μάχῃ
167 1203 382 1292 ἐστερήμεθα
405 1202 502 1284 994,
529 1200 674 1292 ιαχρὴ
696 1201 980 1316 ἀναμνησθέντας.

135 1339 178 1408 ln
199 1336 498 1424 fragmentoll.
524 1337 557 1404 1.
579 1338 738 1419 τολμήσαι
760 1333 866 1412 οὕτως.
888 1332 924 1401 9.
945 1358 997 1401 σοι
1018 1331 1147 1405 ivus-ff
1193 1343 1194 1347 ’
1222 1362 1227 1369 ’

55 1438 253 1507 ἀδικώτατοι
273 1431 443 1523 ἄνθρωποι
467 1438 669 1524 ἐπιχειροῦσι.
698 1435 732 1501 3.
760 1433 946 1516 δικάζονται
973 1432 1077 1517 αὐτῷ.
1105 1431 1144 1499 4.

55 1538 157 1626 ήμέρᾳ
178 1536 536 1618 ἀπαιτήσοντες-πολὺ
558 1531 1018 1624 ἀσφαλέστερον-νομίζειῖ
985 1555 1076 1600 εναι.
1108 1533 1146 1598 u.
1168 1584 1176 1599 ,.

54 1648 207 1720 κέκτηται
224 1638 383 1728 Ἑρμαίου
406 1635 491 1722 [ὅσῳ
512 1636 777 1719 ἐλάττουςῙ-μα
795 1635 947 1722 ἀνάβητε.

135 1774 177 1842 Iu
198 1774 435 1858 fragmento
457 1772 563 1839 XLV.
587 1771 621 1838 3.
642 1773 837 1860 ἱπποδρομία
853 1765 1143 1838 'Avunculus-tiu·

54 1872 121 1954 ήθη
143 1870 240 1954 ήκειν.
263 1873 297 1939 5.
319 1877 404 1956 λέγα
434 1870 776 1956 αὐτὸν-διακειμένου
793 1865 1144 1954 Ἀντίμαχον-ἠρώτα

54 1974 162 2042 αὐτὸν.
185 1972 222 2040 6.
243 1972 327 2041 εἶναι
348 1972 519 2041 ἀπέδοσαν.

135 2108 176 2176 In
198 2107 373 2197 Ersutiuo
395 2106 450 2202 (iu
473 2109 623 2178 Platonis
644 2104 836 2201 Phaedro}
858 2105 949 2175 931.
970 2124 998 2172 ο
1018 2107 1147 2187 ἕτοιμοί

56 2217 120 2277 εἰσι.
142 2210 174 2277 d.
195 2209 293 2276 αὐτοὶ
312 2206 721 2294 ὁμολογοῦσι-δύνασθαι
742 2208 946 2276 αὐτῶν-σοι
966 2203 1142 2288 ή-σαυτῷ,

56 2305 324 2390 ἐπιτηδειοτάτων.
348 2309 494 2378 9391).
522 2308 742 2394 διαλεγόμενοι
763 2307 928 2388 ἀλλήλαις.
951 2327 980 2374 e.
1001 2310 1143 2394 ἔμπειροι

56 2414 334 2499 ἐγένοντο-φίλοι
355 2410 448 2477 εἶναι.
470 2409 560 2478 933.
581 2429 610 2478 a.
633 2414 726 2497 φίλοι
747 2408 1037 2492 ὄντεςψγενέσθαι
1058 2406 1140 2488 ἐμοὶ.

57 2511 83 2575 b.
103 2516 238 2578 ἐπαίνου
256 2508 323 2603 [ai.
343 2505 503 2601 ἐπαίνων)
525 2507 709 2594 ἀναγκάζει.
733 2511 764 2578 (1.
787 2511 908 2578 πολλοῦ
923 2502 1139 2588 ἐποιούμεθα.

57 2628 81 2675 e.
103 2608 256 2700 προσήκει
279 2609 327 2677 οὐ.
348 2609 438 2679 934.
459 2613 490 2679 b.
512 2609 553 2678 σὺ
575 2603 642 2679 οὖν.

21 2826 24 2837 Ι
132 2743 227 2828 Quae
248 2746 302 2832 qui
326 2747 509 2813 accuratius
530 2745 761 2834 perpenderit,
803 2746 835 2813 ei
858 2745 893 2812 id
920 2741 983 2810 erit
1004 2741 1137 2829 perspi-

21 2860 159 2961 ουτω,
183 2846 319 2932 Lysiam
340 2847 460 2913 hiatum
481 2866 547 2913 nun
569 2849 741 2926 evitasse,
762 2865 868 2934 neque
888 2843 1010 2932 poterit
1030 2861 1094 2927 ue„
1075 2860 1136 2908 σο-

57 2962 104 3029 re,
146 2946 181 3011 in
211 2947 412 3013 orationibus
439 2947 466 3012 l.
493 2946 555 3013 ΠΙ.
576 2947 636 3014 IV.
661 2949 701 3014 V.
724 2946 784 3013 v1.
807 2945 883 3012 VII.
906 2944 948 3011 X.
972 2941 1032 3010 XI.
1055 2932 1135 3008 xli.

20 3120 28 3163 ³
57 3041 139 3109 XIII.
162 3044 237 3110 XV.
258 3046 367 3113 XVII.
390 3047 516 3114 XVIII.
538 3049 631 3115 ΧΙΧ.
655 3048 731 3115 ΧΧ.
754 3045 848 3113 XXI.
870 3042 996 3112 XXIII.
1009 3042 1135 3109 XXVI.

22 3186 26 3281 ,
57 3141 188 3257 XXVII.
209 3147 318 3263 XXX.
340 3147 465 3213 XXXI.
487 3148 629 3216 XXXII.
651 3169 694 3216 ue
714 3144 1015 3234 minimumquidem
1031 3144 1136 3211 vesti·

23 3286 26 3339 ;
56 3262 127 3325 guum
150 3247 309 3330 ejusmodi
329 3248 430 3314 studii
451 3249 599 3336 reperiri.
645 3251 697 3316 Ab
718 3249 785 3315 iliis
805 3252 914 3314 autem
936 3245 1135 3312 orationibus

23 3343 190 3443 {inprimis
228 3353 366 3414 octavae
398 3347 527 3416 recedit
559 3349 687 3416 dicendi
713 3369 831 3436 genus.
895 3346 1015 3412 Hiatus
1047 3345 1134 3412 enim
1182 3360 1188 3381 ⁸

55 3447 137 3525 pauci
160 3447 214 3532 qui
235 3448 270 3514 in
290 3450 357 3515 ista
379 3451 529 3516 oratioue
549 3451 769 3538 reperiuntur,
791 3454 931 3536 possunt
950 3446 1046 3514 facile
1069 3446 1134 3512 toi-

54 3541 86 3621 li,
107 3548 153 3611 uti
178 3544 239 3611 19.
260 3548 315 3614 ubi
336 3567 394 3634 pro
416 3539 503 3615 εὖνοι
524 3549 624 3633 ὄντες,
645 3550 731 3638 quud
752 3569 772 3616 e
793 3549 922 3615 Ruiskii
944 3549 1134 3632 conjectura

53 3651 97 3710 est
115 3646 255 3735 editum,
297 3646 409 3725 εὔνους
430 3648 519 3726 ὄντες
540 3651 661 3718 habent
681 3657 716 3717 et
736 3650 879 3736 scriptor
899 3650 1040 3716 fortasse
1065 3667 1132 3715 nou

18 3720 126 3809 εὖνοι
139 3746 240 3829 ὄντες,
263 3747 519 3826 εοάευνοοῦντες
535 3751 680 3819 dederat.
704 3748 739 3839 S.
753 3749 788 3815 7.
815 3750 954 3818 autem'
944 3769 978 3815 111
1000 3749 1130 3816 verbis.

48 3846 109 3913 οὐδ’
134 3838 180 3914 αὖ
192 3847 284 3966 νὑμας
305 3852 363 3930 μὲν
384 3856 460 3936 pust
481 3841 525 3915 αὖ
545 3871 613 3919 vox
635 3851 788 3919 subsistit
815 3858 850 3918 et
875 3848 975 3930 119,
1002 3847 1039 3914 4.
1069 3867 1130 3932 pru

44 3954 144 4017 καίτοι
169 3972 286 4029 ουτως,
332 3951 419 4036 quod
440 3951 583 4052 Bekker
605 3971 632 4019 ο.
653 3951 846 4020 Marklando
869 3952 1005 4038 aliisque
1026 3946 1128 4014 dedit
