2580 4514
200 1071 273 1155 Diu
298 1077 486 1174 haesitavi,
512 1101 591 1151 num
617 1072 782 1150 auderem
794 1072 876 1148 Tuo
902 1071 1107 1147 clarissimo
1124 1093 1190 1146 no-

89 1213 200 1306 mini,
241 1215 311 1290 Vir
336 1212 497 1308 Summe,
547 1209 617 1284 hoc
641 1207 881 1306 qualecunque
906 1209 1110 1308 opusordum
1134 1207 1191 1282 in-

91 1347 266 1422 scribere.
314 1345 418 1439 Quod
442 1356 558 1421 tamen
584 1368 646 1420 cur
671 1364 765 1417 nunc
788 1341 933 1416 fecerim
958 1339 1194 1443 pudoremque
1240 1430 1245 1443 ἱ

90 1504 211 1555 meum
243 1484 373 1579 justum
404 1479 613 1572 dimiserim,
645 1482 726 1578 ejus
751 1476 805 1552 rei
831 1499 972 1551 eausam
997 1474 1107 1550 velim
1129 1498 1193 1550 co-
1264 1577 1265 1581 Ν

92 1611 196 1710 giles
222 1638 322 1711 quum
346 1614 386 1688 in
409 1612 544 1712 insigni
561 1613 642 1686 Tua
666 1610 892 1702 humanitate,
918 1632 985 1706 qua
1006 1608 1141 1684 tirones
1155 1609 1217 1684 in'

92 1771 216 1843 arena,
242 1746 278 1822 in
303 1770 371 1845 qua
390 1754 444 1822 tot
465 1755 650 1845 tantasque
669 1745 781 1822 tulisti
796 1744 947 1845 palmas,
973 1743 1093 1818 soleas
1112 1768 1186 1816 am-

96 1880 226 1982 plecti,
245 1881 330 1956 ‘tum
360 1883 398 1957 in
428 1883 521 1956 laeta
549 1904 668 1955 eornm
701 1890 891 1980 temporum
916 1874 1083 1950 memoria
1107 1897 1193 1950 esse

95 2012 274 2114 positam,
326 2014 450 2113 quibus
489 2012 574 2088 mihi
607 2011 781 2090 Societati
813 2011 976 2087 Graecae
1009 2008 1188 2112 adscripto

98 2147 289 2242 contigerit
313 2157 352 2224 nt
376 2129 458 2223 Tua
482 2147 616 2222 tmerer
641 2143 837 2248 disciplina
887 2143 1020 2240 Neque
1032 2143 1192 2246 profecto

97 2275 175 2350 ullo
199 2283 353 2378 tempore
377 2277 469 2361 hanc
496 2279 693 2355 memoriam
719 2275 863 2378 saepius
888 2274 1040 2367 recolui,
1091 2297 1192 2373 quam
1245 2320 1249 2327 ·

99 2432 171 2506 quo
196 2409 286 2487 haec
310 2409 357 2486 de
381 2411 477 2495 hiatu
501 2411 538 2485 in
564 2411 792 2514 scriptoribus
817 2409 961 2508 graecis
985 2408 1191 2485 scribebam.
1259 2428 1263 2433 ·

98 2539 306 2640 Quicunque
331 2543 423 2619 enim
447 2567 582 2620 mecum
606 2544 643 2618 in
668 2567 846 2618 numerum
869 2542 1006 2618 illorum
1022 2541 1193 2619 sodalium

99 2683 201 2748 erant
224 2676 372 2776 recepti,
398 2685 498 2752 erant
523 2675 605 2750 mihi
631 2673 735 2748 modo
760 2674 820 2751 hic
845 2675 948 2750 modo
973 2674 1046 2752 illic
1070 2675 1108 2749 in
1121 2669 1192 2750 h'oe

99 2806 189 2882 libro
229 2807 528 2891 commemorandi.
595 2807 816 2882 Versabatrn
847 2808 931 2884 mihi
963 2810 1000 2884 in
1033 2810 1192 2884 Isocrate

101 2938 261 3043 Sauppii,
285 2943 323 3021 in
336 2940 578 3019 Demosthene
602 2937 864 3017 Ehnkhacnelii
889 2949 926 3019 et
941 2939 1193 3017 Westerman·

98 3072 154 3165 ni,
179 3073 217 3148 in
241 3073 359 3178 Lysia
382 3047 598 3154 noerschii'
612 3081 648 3149 et
672 3073 826 3168 Klotnii,
852 3073 889 3147 in
913 3075 1020 3152 Isaeo
1045 3075 1192 3153 Menta-

97 3207 195 3305 neri,
227 3208 264 3283 in
297 3209 483 3286 Aeschine
515 3207 680 3302 nrauhti,
712 3207 749 3282 in
774 3208 966 3285 Plutarcho
986 3191 1190 3300 ‘Sintenisii

97 3340 391 3418 Winclrelmanni
422 3351 459 3418 et
483 3324 640 3442 Emperii
669 3339 789 3439 imago
823 3351 904 3418 ante
936 3345 1077 3442 oeulos,
1129 3369 1192 3422 eo-

96 3498 241 3572 rumque
266 3477 416 3553 omnium
441 3476 605 3554 memoria
631 3449 699 3550 mia
723 3499 800 3552 oum
825 3478 991 3580 Hauptii,
1016 3478 1192 3554 Zimmer-

97 3607 232 3700 manni,
284 3607 479 3686 Jacobitzii
509 3621 546 3686 et
575 3610 727 3695 Urbani,
750 3612 943 3706 laetitiam,
996 3598 1064 3712 qua
1095 3613 1188 3708 illius
1258 3661 1260 3665 <

96 3733 283 3814 felicitatis
303 3765 402 3817 meae
428 3743 604 3820 reminisci
629 3744 748 3834 soleo,
781 3745 897 3822 denuo
922 3744 1188 3844 redintegravit.

97 3871 209 3964 cuam
234 3870 313 3950 cum
327 3875 412 3954 'libi
438 3875 595 3972 debean,
621 3877 670 3980 pii
696 3887 733 3953 et
758 3879 853 3976 grati
878 3879 983 3955 animi
1008 3877 1192 3978 signitica-

97 4005 227 4083 tionem
260 4008 375 4104 hanc,
426 4034 495 4110 qua
520 4012 621 4089 simul
647 4014 808 4114 magistri
834 4013 989 4091 honores
1023 4011 1193 4111 qninqua-
1251 4098 1253 4103 ,
