<?xml version="1.0" encoding="UTF-8"?>
<!DOCTYPE html PUBLIC "-//W3C//DTD XHTML 1.0 Transitional//EN"
    "http://www.w3.org/TR/xhtml1/DTD/xhtml1-transitional.dtd">
<html xmlns="http://www.w3.org/1999/xhtml" xml:lang="en" lang="en">
 <head>
  <title>
</title>
<meta http-equiv="Content-Type" content="text/html;charset=utf-8" />
  <meta name='ocr-system' content='tesseract 3.04.00' />
  <meta name='ocr-capabilities' content='ocr_page ocr_carea ocr_par ocr_line ocrx_word'/>
</head>
<body>
  <div class='ocr_page' id='page_1' title='image "./dehiatuinorator01bensgoog_0437.png"; bbox 0 0 2580 4514; ppageno 0'>
   <div class='ocr_carea' id='block_1_1' title="bbox 10 139 1133 402">
    <p class='ocr_par' dir='ltr' id='par_1_1' title="bbox 10 139 1133 402">
     <span class='ocr_line' id='line_1_1' title="bbox 452 139 725 213; baseline 0 -20"><span class='ocrx_word' id='word_1_1' title='bbox 452 176 500 213; x_wconf 27' lang='lat'><strong>..¹</strong></span> <span class='ocrx_word' id='word_1_2' title='bbox 558 139 624 209; x_wconf 69' lang='lat' dir='ltr'><strong>td?</strong></span> <span class='ocrx_word' id='word_1_3' title='bbox 690 170 725 193; x_wconf 73' lang='grc'><strong>..</strong></span> 
     </span>
     <span class='ocr_line' id='line_1_2' title="bbox 10 288 1133 402; baseline 0.004 -28"><span class='ocrx_word' id='word_1_4' title='bbox 10 304 212 397; x_wconf 52' lang='lat' dir='ltr'><strong>quiriacae</strong></span> <span class='ocrx_word' id='word_1_5' title='bbox 232 326 298 377; x_wconf 91' lang='lat' dir='ltr'><strong>non</strong></span> <span class='ocrx_word' id='word_1_6' title='bbox 318 288 369 379; x_wconf 59' lang='lat' dir='ltr'><strong>ad&#39;</strong></span> <span class='ocrx_word' id='word_1_7' title='bbox 384 315 520 401; x_wconf 79' lang='lat' dir='ltr'><strong>poetas,</strong></span> <span class='ocrx_word' id='word_1_8' title='bbox 549 307 612 377; x_wconf 87' lang='lat' dir='ltr'><strong>sed</strong></span> <span class='ocrx_word' id='word_1_9' title='bbox 634 308 677 376; x_wconf 82' lang='lat' dir='ltr'><strong>od</strong></span> <span class='ocrx_word' id='word_1_10' title='bbox 704 326 845 387; x_wconf 74' lang='lat' dir='ltr'><strong>maneae</strong></span> <span class='ocrx_word' id='word_1_11' title='bbox 875 308 1022 402; x_wconf 62' lang='lat' dir='ltr'><strong>reterns,</strong></span> <span class='ocrx_word' id='word_1_12' title='bbox 1046 324 1133 398; x_wconf 76' lang='lat' dir='ltr'><strong>qnae</strong></span> 
     </span>
    </p>
   </div>
   <div class='ocr_carea' id='block_1_2' title="bbox 10 406 1134 802">
    <p class='ocr_par' dir='ltr' id='par_1_2' title="bbox 10 406 1134 802">
     <span class='ocr_line' id='line_1_3' title="bbox 10 406 1134 499; baseline -0.002 -18"><span class='ocrx_word' id='word_1_13' title='bbox 10 406 76 481; x_wconf 65' lang='lat' dir='ltr'><strong>&#39;ex</strong></span> <span class='ocrx_word' id='word_1_14' title='bbox 101 431 144 477; x_wconf 89' lang='lat' dir='ltr'><strong>se</strong></span> <span class='ocrx_word' id='word_1_15' title='bbox 161 410 245 498; x_wconf 88' lang='lat' dir='ltr'><strong>ipsis</strong></span> <span class='ocrx_word' id='word_1_16' title='bbox 265 411 368 496; x_wconf 83' lang='lat' dir='ltr'><strong>prima</strong></span> <span class='ocrx_word' id='word_1_17' title='bbox 388 411 444 478; x_wconf 75' lang='lat' dir='ltr'><strong>ota</strong></span> <span class='ocrx_word' id='word_1_18' title='bbox 461 416 565 499; x_wconf 77' lang='lat' dir='ltr'><strong>(qaae</strong></span> <span class='ocrx_word' id='word_1_19' title='bbox 584 416 677 477; x_wconf 86' lang='lat' dir='ltr'><strong>recte</strong></span> <span class='ocrx_word' id='word_1_20' title='bbox 697 407 849 496; x_wconf 75' lang='grc' dir='ltr'><strong><em>ἀπαρχὰς</em></strong></span> <span class='ocrx_word' id='word_1_21' title='bbox 868 410 1134 498; x_wconf 78' lang='lat' dir='ltr'><strong>poterisdicere)</strong></span> 
     </span>
     <span class='ocr_line' id='line_1_4' title="bbox 10 498 1133 598; baseline -0.001 -17"><span class='ocrx_word' id='word_1_22' title='bbox 10 512 80 581; x_wconf 79' lang='lat' dir='ltr'><strong>im</strong></span> <span class='ocrx_word' id='word_1_23' title='bbox 95 512 245 598; x_wconf 82' lang='lat' dir='ltr'><strong>gignunt,</strong></span> <span class='ocrx_word' id='word_1_24' title='bbox 266 518 302 577; x_wconf 93' lang='lat' dir='ltr'><strong>ut</strong></span> <span class='ocrx_word' id='word_1_25' title='bbox 322 512 507 598; x_wconf 84' lang='lat' dir='ltr'><strong>priusquam</strong></span> <span class='ocrx_word' id='word_1_26' title='bbox 528 515 641 583; x_wconf 86' lang='lat' dir='ltr'><strong>cetera</strong></span> <span class='ocrx_word' id='word_1_27' title='bbox 658 512 872 595; x_wconf 75' lang='lat' dir='ltr'><strong>accesserint,</strong></span> <span class='ocrx_word' id='word_1_28' title='bbox 891 511 964 578; x_wconf 83' lang='lat' dir='ltr'><strong>aine</strong></span> <span class='ocrx_word' id='word_1_29' title='bbox 986 498 1049 578; x_wconf 83' lang='lat' dir='ltr'><strong>ulto</strong></span> <span class='ocrx_word' id='word_1_30' title='bbox 1062 513 1133 580; x_wconf 83' lang='lat' dir='ltr'><strong>tero</strong></span> 
     </span>
     <span class='ocr_line' id='line_1_5' title="bbox 13 609 1131 698; baseline 0 -18"><span class='ocrx_word' id='word_1_31' title='bbox 13 611 248 681; x_wconf 57' lang='lat' dir='ltr'><strong>{nummento</strong></span> <span class='ocrx_word' id='word_1_32' title='bbox 270 611 304 678; x_wconf 93' lang='lat' dir='ltr'><strong>in</strong></span> <span class='ocrx_word' id='word_1_33' title='bbox 324 619 404 679; x_wconf 74' lang='lat' dir='ltr'><strong>nene</strong></span> <span class='ocrx_word' id='word_1_34' title='bbox 424 611 597 698; x_wconf 86' lang='lat' dir='ltr'><strong>pendeant.</strong></span> <span class='ocrx_word' id='word_1_35' title='bbox 639 610 768 695; x_wconf 76' lang='lat' dir='ltr'><strong>Eodem</strong></span> <span class='ocrx_word' id='word_1_36' title='bbox 793 617 902 678; x_wconf 88' lang='lat' dir='ltr'><strong>autem</strong></span> <span class='ocrx_word' id='word_1_37' title='bbox 927 609 1046 695; x_wconf 86' lang='lat' dir='ltr'><strong>modo,</strong></span> <span class='ocrx_word' id='word_1_38' title='bbox 1077 613 1131 680; x_wconf 87' lang='lat' dir='ltr'><strong>in·</strong></span> 
     </span>
     <span class='ocr_line' id='line_1_6' title="bbox 18 708 1132 802; baseline 0.001 -23"><span class='ocrx_word' id='word_1_39' title='bbox 18 714 130 802; x_wconf 77' lang='lat' dir='ltr'><strong>quit,</strong></span> <span class='ocrx_word' id='word_1_40' title='bbox 162 716 337 800; x_wconf 83' lang='lat' dir='ltr'><strong>pertexont</strong></span> <span class='ocrx_word' id='word_1_41' title='bbox 368 719 487 799; x_wconf 80' lang='lat' dir='ltr'><strong>poetae</strong></span> <span class='ocrx_word' id='word_1_42' title='bbox 508 713 645 779; x_wconf 77' lang='lat' dir='ltr'><strong>fabulas</strong></span> <span class='ocrx_word' id='word_1_43' title='bbox 688 711 821 781; x_wconf 80' lang='lat' dir='ltr'>Deinde</span> <span class='ocrx_word' id='word_1_44' title='bbox 841 708 925 791; x_wconf 74' lang='grc' dir='ltr'><strong>αὐτή</strong></span> <span class='ocrx_word' id='word_1_45' title='bbox 947 711 1057 777; x_wconf 76' lang='grc' dir='ltr'><em>οἶσθα</em></span> <span class='ocrx_word' id='word_1_46' title='bbox 1076 718 1132 780; x_wconf 82' lang='lat' dir='ltr'><strong>est</strong></span> 
     </span>
    </p>
   </div>
   <div class='ocr_carea' id='block_1_3' title="bbox 27 809 1261 898">
    <p class='ocr_par' dir='ltr' id='par_1_3' title="bbox 27 809 1261 898">
     <span class='ocr_line' id='line_1_7' title="bbox 27 809 1261 898; baseline -0.002 -15"><span class='ocrx_word' id='word_1_47' title='bbox 27 834 81 883; x_wconf 82' lang='lat' dir='ltr'><strong>ex</strong></span> <span class='ocrx_word' id='word_1_48' title='bbox 105 814 237 880; x_wconf 87' lang='lat' dir='ltr'><strong>Reiskii</strong></span> <span class='ocrx_word' id='word_1_49' title='bbox 261 814 461 897; x_wconf 86' lang='lat' dir='ltr'><strong>conjecturo.</strong></span> <span class='ocrx_word' id='word_1_50' title='bbox 505 812 611 898; x_wconf 83' lang='lat' dir='ltr'><strong>Vulgo</strong></span> <span class='ocrx_word' id='word_1_51' title='bbox 647 814 734 879; x_wconf 91' lang='lat' dir='ltr'><strong>enim</strong></span> <span class='ocrx_word' id='word_1_52' title='bbox 761 813 864 880; x_wconf 86' lang='lat' dir='ltr'><strong>solum</strong></span> <span class='ocrx_word' id='word_1_53' title='bbox 890 809 975 897; x_wconf 80' lang='grc' dir='ltr'><em>αὐτή</em></span> <span class='ocrx_word' id='word_1_54' title='bbox 1002 814 1132 881; x_wconf 84' lang='lat' dir='ltr'><strong>habent.</strong></span> <span class='ocrx_word' id='word_1_55' title='bbox 1178 836 1182 845; x_wconf 93' lang='lat'>·</span> <span class='ocrx_word' id='word_1_56' title='bbox 1254 872 1261 895; x_wconf 67' lang='lat'><em>„</em></span> 
     </span>
    </p>
   </div>
   <div class='ocr_carea' id='block_1_4' title="bbox 21 1013 1220 4121">
    <p class='ocr_par' dir='ltr' id='par_1_4' title="bbox 21 1013 1220 4121">
     <span class='ocr_line' id='line_1_8' title="bbox 33 1013 1131 1103; baseline 0 -21"><span class='ocrx_word' id='word_1_57' title='bbox 33 1034 105 1103; x_wconf 77' lang='lat' dir='ltr'><strong>que</strong></span> <span class='ocrx_word' id='word_1_58' title='bbox 127 1021 164 1082; x_wconf 87' lang='lat' dir='ltr'><strong>et</strong></span> <span class='ocrx_word' id='word_1_59' title='bbox 183 1017 402 1099; x_wconf 84' lang='lat' dir='ltr'><strong>conjecturam</strong></span> <span class='ocrx_word' id='word_1_60' title='bbox 429 1021 465 1080; x_wconf 84' lang='lat' dir='ltr'><strong>et</strong></span> <span class='ocrx_word' id='word_1_61' title='bbox 485 1013 616 1080; x_wconf 83' lang='lat' dir='ltr'><strong>Reiskii</strong></span> <span class='ocrx_word' id='word_1_62' title='bbox 645 1020 689 1081; x_wconf 91' lang='lat' dir='ltr'><strong>et·</strong></span> <span class='ocrx_word' id='word_1_63' title='bbox 706 1014 830 1102; x_wconf 75' lang='lat' dir='ltr'><strong>Squirii</strong></span> <span class='ocrx_word' id='word_1_64' title='bbox 850 1015 1027 1103; x_wconf 83' lang='lat' dir='ltr'><strong>probavit,</strong></span> <span class='ocrx_word' id='word_1_65' title='bbox 1069 1015 1131 1082; x_wconf 88' lang='lat' dir='ltr'><strong>sed</strong></span> 
     </span>
     <span class='ocr_line' id='line_1_9' title="bbox 34 1107 1130 1202; baseline 0.001 -21"><span class='ocrx_word' id='word_1_66' title='bbox 34 1121 161 1202; x_wconf 79' lang='lat' dir='ltr'><strong>postea</strong></span> <span class='ocrx_word' id='word_1_67' title='bbox 181 1115 280 1197; x_wconf 88' lang='lat' dir='ltr'><strong>vidit,</strong></span> <span class='ocrx_word' id='word_1_68' title='bbox 325 1120 401 1202; x_wconf 83' lang='lat' dir='ltr'><strong>post</strong></span> <span class='ocrx_word' id='word_1_69' title='bbox 420 1113 670 1182; x_wconf 72' lang='lat' dir='ltr'><strong>antecedentem</strong></span> <span class='ocrx_word' id='word_1_70' title='bbox 690 1117 828 1183; x_wconf 84' lang='lat' dir='ltr'><strong>similem</strong></span> <span class='ocrx_word' id='word_1_71' title='bbox 851 1116 1018 1183; x_wconf 81' lang='lat' dir='ltr'><strong>formulam</strong></span> <span class='ocrx_word' id='word_1_72' title='bbox 1046 1107 1130 1195; x_wconf 74' lang='grc' dir='ltr'><em>αὐτή</em></span> 
     </span>
     <span class='ocr_line' id='line_1_10' title="bbox 37 1215 1131 1300; baseline 0.001 -17"><span class='ocrx_word' id='word_1_73' title='bbox 37 1217 266 1294; x_wconf 67' lang='lat' dir='ltr'><strong>duernionem</strong></span> <span class='ocrx_word' id='word_1_74' title='bbox 292 1215 377 1282; x_wconf 86' lang='lat' dir='ltr'><strong>trano</strong></span> <span class='ocrx_word' id='word_1_75' title='bbox 403 1216 610 1282; x_wconf 80' lang='lat' dir='ltr'><strong>iterationem</strong></span> <span class='ocrx_word' id='word_1_76' title='bbox 637 1215 758 1300; x_wconf 79' lang='lat' dir='ltr'><strong>frigere</strong></span> <span class='ocrx_word' id='word_1_77' title='bbox 785 1224 820 1282; x_wconf 86' lang='lat' dir='ltr'><strong>et</strong></span> <span class='ocrx_word' id='word_1_78' title='bbox 849 1217 1060 1284; x_wconf 81' lang='lat' dir='ltr'><strong>verisimilius</strong></span> <span class='ocrx_word' id='word_1_79' title='bbox 1095 1218 1131 1284; x_wconf 93' lang='lat' dir='ltr'><strong>ei</strong></span> 
     </span>
     <span class='ocr_line' id='line_1_11' title="bbox 35 1314 1153 1408; baseline 0.003 -27"><span class='ocrx_word' id='word_1_80' title='bbox 35 1317 149 1382; x_wconf 86' lang='lat' dir='ltr'><strong>visum</strong></span> <span class='ocrx_word' id='word_1_81' title='bbox 170 1321 242 1401; x_wconf 85' lang='lat' dir='ltr'><strong>cst,</strong></span> <span class='ocrx_word' id='word_1_82' title='bbox 259 1316 436 1402; x_wconf 84' lang='lat' dir='ltr'><strong>antiquitus</strong></span> <span class='ocrx_word' id='word_1_83' title='bbox 454 1317 609 1403; x_wconf 86' lang='lat' dir='ltr'><strong>scriptum</strong></span> <span class='ocrx_word' id='word_1_84' title='bbox 630 1316 732 1408; x_wconf 82' lang='lat' dir='ltr'><strong>tuisse</strong></span> <span class='ocrx_word' id='word_1_85' title='bbox 753 1315 847 1395; x_wconf 79' lang='grc' dir='ltr'><em>δείξει</em></span> <span class='ocrx_word' id='word_1_86' title='bbox 866 1314 967 1400; x_wconf 76' lang='grc' dir='ltr'><strong><em>αὐτὸ,</em></strong></span> <span class='ocrx_word' id='word_1_87' title='bbox 986 1337 1153 1404; x_wconf 76' lang='lat' dir='ltr'><strong>quorum,</strong></span> 
     </span>
     <span class='ocr_line' id='line_1_12' title="bbox 33 1413 1129 1504; baseline 0.002 -23"><span class='ocrx_word' id='word_1_88' title='bbox 33 1415 132 1504; x_wconf 81' lang='lat' dir='ltr'><strong>prins</strong></span> <span class='ocrx_word' id='word_1_89' title='bbox 151 1416 341 1483; x_wconf 77' lang='lat' dir='ltr'><strong>vocabulum</strong></span> <span class='ocrx_word' id='word_1_90' title='bbox 361 1434 383 1482; x_wconf 88' lang='lat' dir='ltr'><strong>a</strong></span> <span class='ocrx_word' id='word_1_91' title='bbox 403 1418 557 1503; x_wconf 72' lang='lat' dir='ltr'><strong>praeced.</strong></span> <span class='ocrx_word' id='word_1_92' title='bbox 579 1413 737 1501; x_wconf 77' lang='grc' dir='ltr'><em>διηγήσεις</em></span> <span class='ocrx_word' id='word_1_93' title='bbox 757 1417 941 1503; x_wconf 84' lang='lat' dir='ltr'><strong>absorptum</strong></span> <span class='ocrx_word' id='word_1_94' title='bbox 963 1416 1018 1483; x_wconf 79' lang='lat' dir='ltr'><strong>sit.</strong></span> <span class='ocrx_word' id='word_1_95' title='bbox 1053 1416 1129 1503; x_wconf 76' lang='lat' dir='ltr'><strong>Ego</strong></span> 
     </span>
     <span class='ocr_line' id='line_1_13' title="bbox 36 1515 1127 1604; baseline 0 -22"><span class='ocrx_word' id='word_1_96' title='bbox 36 1522 191 1583; x_wconf 84' lang='lat' dir='ltr'><strong>neutrum</strong></span> <span class='ocrx_word' id='word_1_97' title='bbox 216 1515 340 1602; x_wconf 81' lang='lat' dir='ltr'><strong>probo,</strong></span> <span class='ocrx_word' id='word_1_98' title='bbox 382 1518 444 1583; x_wconf 90' lang='lat' dir='ltr'><strong>sed</strong></span> <span class='ocrx_word' id='word_1_99' title='bbox 475 1519 610 1604; x_wconf 89' lang='lat' dir='ltr'><strong>primum</strong></span> <span class='ocrx_word' id='word_1_100' title='bbox 636 1523 730 1584; x_wconf 88' lang='lat' dir='ltr'><strong>recte</strong></span> <span class='ocrx_word' id='word_1_101' title='bbox 757 1517 879 1583; x_wconf 86' lang='lat' dir='ltr'><strong>habere</strong></span> <span class='ocrx_word' id='word_1_102' title='bbox 904 1535 1025 1583; x_wconf 90' lang='lat' dir='ltr'><strong>censeo</strong></span> <span class='ocrx_word' id='word_1_103' title='bbox 1051 1521 1127 1597; x_wconf 74' lang='grc' dir='ltr'><em>ἔχει,</em></span> 
     </span>
     <span class='ocr_line' id='line_1_14' title="bbox 35 1615 1128 1704; baseline 0.004 -22"><span class='ocrx_word' id='word_1_104' title='bbox 35 1616 126 1703; x_wconf 78' lang='lat' dir='ltr'><strong>quod</strong></span> <span class='ocrx_word' id='word_1_105' title='bbox 146 1635 166 1682; x_wconf 88' lang='lat' dir='ltr'><strong>c</strong></span> <span class='ocrx_word' id='word_1_106' title='bbox 186 1621 322 1684; x_wconf 81' lang='lat' dir='ltr'><strong>correct.</strong></span> <span class='ocrx_word' id='word_1_107' title='bbox 345 1615 454 1704; x_wconf 81' lang='lat' dir='ltr'><strong>Squir.</strong></span> <span class='ocrx_word' id='word_1_108' title='bbox 477 1618 667 1695; x_wconf 70' lang='lat' dir='ltr'><strong>confirmata</strong></span> <span class='ocrx_word' id='word_1_109' title='bbox 686 1626 809 1691; x_wconf 81' lang='lat' dir='ltr'><strong>auctor.</strong></span> <span class='ocrx_word' id='word_1_110' title='bbox 829 1617 950 1684; x_wconf 86' lang='lat' dir='ltr'><strong>Petav.</strong></span> <span class='ocrx_word' id='word_1_111' title='bbox 972 1617 1015 1683; x_wconf 78' lang='grc' dir='ltr'><strong>Ε.</strong></span> <span class='ocrx_word' id='word_1_112' title='bbox 1037 1620 1128 1687; x_wconf 78' lang='lat' dir='ltr'><strong>uror.</strong></span> 
     </span>
     <span class='ocr_line' id='line_1_15' title="bbox 37 1717 1145 1817; baseline 0.003 -36"><span class='ocrx_word' id='word_1_113' title='bbox 37 1735 111 1790; x_wconf 79' lang='lat' dir='ltr'><strong>cum</strong></span> <span class='ocrx_word' id='word_1_114' title='bbox 123 1717 298 1810; x_wconf 80' lang='lat' dir='ltr'><strong>Wyttenb.</strong></span> <span class='ocrx_word' id='word_1_115' title='bbox 314 1717 518 1785; x_wconf 84' lang='lat' dir='ltr'><strong>atrHotteuio</strong></span> <span class='ocrx_word' id='word_1_116' title='bbox 539 1725 706 1804; x_wconf 79' lang='lat' dir='ltr'><strong>receptum</strong></span> <span class='ocrx_word' id='word_1_117' title='bbox 728 1724 783 1786; x_wconf 85' lang='lat' dir='ltr'><strong>est</strong></span> <span class='ocrx_word' id='word_1_118' title='bbox 803 1737 862 1817; x_wconf 80' lang='lat' dir='ltr'><strong>pro</strong></span> <span class='ocrx_word' id='word_1_119' title='bbox 878 1718 1010 1804; x_wconf 69' lang='lat' dir='ltr'><strong>uulgato</strong></span> <span class='ocrx_word' id='word_1_120' title='bbox 1033 1723 1145 1801; x_wconf 69' lang='lat' dir='ltr'><strong>exoro„</strong></span> 
     </span>
     <span class='ocr_line' id='line_1_16' title="bbox 37 1814 1220 1907; baseline -0.002 -25"><span class='ocrx_word' id='word_1_121' title='bbox 37 1814 160 1882; x_wconf 64' lang='lat' dir='ltr'><strong>dende</strong></span> <span class='ocrx_word' id='word_1_122' title='bbox 178 1837 239 1904; x_wconf 90' lang='lat' dir='ltr'><strong>pro</strong></span> <span class='ocrx_word' id='word_1_123' title='bbox 258 1815 343 1902; x_wconf 82' lang='grc' dir='ltr'><em>αὐτή</em></span> <span class='ocrx_word' id='word_1_124' title='bbox 364 1820 550 1904; x_wconf 80' lang='lat' dir='ltr'><strong>scripserim</strong></span> <span class='ocrx_word' id='word_1_125' title='bbox 571 1817 658 1886; x_wconf 78' lang='grc' dir='ltr'><em>σιίιτίι</em></span> <span class='ocrx_word' id='word_1_126' title='bbox 678 1824 714 1885; x_wconf 88' lang='lat' dir='ltr'><strong>et</strong></span> <span class='ocrx_word' id='word_1_127' title='bbox 733 1821 768 1885; x_wconf 91' lang='lat' dir='ltr'><strong>in</strong></span> <span class='ocrx_word' id='word_1_128' title='bbox 788 1820 830 1886; x_wconf 91' lang='lat' dir='ltr'><strong>iis</strong></span> <span class='ocrx_word' id='word_1_129' title='bbox 851 1826 1129 1907; x_wconf 80' lang='lat' dir='ltr'><strong>quaesequuntur</strong></span> <span class='ocrx_word' id='word_1_130' title='bbox 1217 1875 1220 1880; x_wconf 88' lang='lat'><em>.</em></span> 
     </span>
     <span class='ocr_line' id='line_1_17' title="bbox 36 1913 1146 1997; baseline 0.009 -14"><span class='ocrx_word' id='word_1_131' title='bbox 36 1923 118 1983; x_wconf 74' lang='lat' dir='ltr'><strong>ente</strong></span> <span class='ocrx_word' id='word_1_132' title='bbox 139 1913 353 1996; x_wconf 72' lang='grc' dir='ltr'><strong>ὑποδηλοῦσιν</strong></span> <span class='ocrx_word' id='word_1_133' title='bbox 371 1919 552 1987; x_wconf 84' lang='lat' dir='ltr'><strong>deleverim</strong></span> <span class='ocrx_word' id='word_1_134' title='bbox 578 1917 622 1997; x_wconf 85' lang='grc' dir='ltr'><strong>ὡς</strong></span> <span class='ocrx_word' id='word_1_135' title='bbox 642 1919 787 1988; x_wconf 81' lang='lat' dir='ltr'><strong>additum</strong></span> <span class='ocrx_word' id='word_1_136' title='bbox 816 1940 837 1986; x_wconf 87' lang='lat' dir='ltr'><strong>a</strong></span> <span class='ocrx_word' id='word_1_137' title='bbox 863 1921 1005 1987; x_wconf 85' lang='lat' dir='ltr'><strong>librariis</strong></span> <span class='ocrx_word' id='word_1_138' title='bbox 1033 1927 1146 1993; x_wconf 47' lang='lat' dir='ltr'><strong>strom</strong></span> 
     </span>
     <span class='ocr_line' id='line_1_18' title="bbox 37 2016 1128 2108; baseline 0.005 -25"><span class='ocrx_word' id='word_1_139' title='bbox 37 2023 156 2083; x_wconf 71' lang='lat' dir='ltr'><strong>murae</strong></span> <span class='ocrx_word' id='word_1_140' title='bbox 182 2018 306 2102; x_wconf 74' lang='lat' dir='ltr'><strong>ignaris</strong></span> <span class='ocrx_word' id='word_1_141' title='bbox 333 2026 468 2106; x_wconf 89' lang='lat' dir='ltr'><strong>propter</strong></span> <span class='ocrx_word' id='word_1_142' title='bbox 497 2022 701 2108; x_wconf 73' lang='lat' dir='ltr'><strong>praecedens</strong></span> <span class='ocrx_word' id='word_1_143' title='bbox 729 2016 850 2101; x_wconf 72' lang='grc' dir='ltr'><strong>οὔσαις,</strong></span> <span class='ocrx_word' id='word_1_144' title='bbox 891 2022 1058 2108; x_wconf 75' lang='lat' dir='ltr'><strong>verbaque</strong></span> <span class='ocrx_word' id='word_1_145' title='bbox 1079 2023 1128 2088; x_wconf 82' lang='lat' dir='ltr'><strong>ita</strong></span> 
     </span>
     <span class='ocr_line' id='line_1_19' title="bbox 36 2114 1129 2205; baseline 0.004 -20"><span class='ocrx_word' id='word_1_146' title='bbox 36 2124 150 2185; x_wconf 70' lang='lat' dir='ltr'><strong>strum</strong></span> <span class='ocrx_word' id='word_1_147' title='bbox 175 2114 226 2183; x_wconf 82' lang='grc' dir='ltr'><strong>ὄτι</strong></span> <span class='ocrx_word' id='word_1_148' title='bbox 246 2115 279 2183; x_wconf 79' lang='grc' dir='ltr'><strong>δ’</strong></span> <span class='ocrx_word' id='word_1_149' title='bbox 304 2118 365 2185; x_wconf 72' lang='grc' dir='ltr'><strong>οὐκ</strong></span> <span class='ocrx_word' id='word_1_150' title='bbox 385 2124 470 2188; x_wconf 72' lang='grc' dir='ltr'><em>ἔοικε</em></span> <span class='ocrx_word' id='word_1_151' title='bbox 491 2125 597 2188; x_wconf 77' lang='grc' dir='ltr'><em>ταῦτα</em></span> <span class='ocrx_word' id='word_1_152' title='bbox 604 2118 712 2188; x_wconf 74' lang='lat' dir='ltr'><strong>-n&#39;tti&#39;</strong></span> <span class='ocrx_word' id='word_1_153' title='bbox 737 2126 803 2202; x_wconf 78' lang='grc' dir='ltr'><em>ἔχει</em></span> <span class='ocrx_word' id='word_1_154' title='bbox 824 2120 1129 2205; x_wconf 76' lang='grc' dir='ltr'><em>τινὰς-διηγήσεις.</em></span> 
     </span>
     <span class='ocr_line' id='line_1_20' title="bbox 35 2216 1126 2307; baseline 0 -20"><span class='ocrx_word' id='word_1_155' title='bbox 35 2216 125 2287; x_wconf 70' lang='grc' dir='ltr'><em>αὐτοὶ</em></span> <span class='ocrx_word' id='word_1_156' title='bbox 154 2222 212 2285; x_wconf 75' lang='grc' dir='ltr'><strong>καί</strong></span> <span class='ocrx_word' id='word_1_157' title='bbox 241 2221 330 2301; x_wconf 86' lang='lat' dir='ltr'><strong>(scit.</strong></span> <span class='ocrx_word' id='word_1_158' title='bbox 354 2216 503 2304; x_wconf 78' lang='grc' dir='ltr'><strong>ὅτι)-’ὁ</strong></span> <span class='ocrx_word' id='word_1_159' title='bbox 534 2224 646 2304; x_wconf 76' lang='grc' dir='ltr'><em>μῦθος</em></span> <span class='ocrx_word' id='word_1_160' title='bbox 665 2224 819 2288; x_wconf 72' lang='grc' dir='ltr'><strong>ἐνταῦθα</strong></span> <span class='ocrx_word' id='word_1_161' title='bbox 839 2220 939 2307; x_wconf 74' lang='grc' dir='ltr'><em>λόγου</em></span> <span class='ocrx_word' id='word_1_162' title='bbox 959 2222 1047 2300; x_wconf 77' lang='grc' dir='ltr'><em>τινὸς</em></span> <span class='ocrx_word' id='word_1_163' title='bbox 1065 2228 1126 2307; x_wconf 77' lang='lat' dir='ltr'><strong>tp,-</strong></span> 
     </span>
     <span class='ocr_line' id='line_1_21' title="bbox 36 2319 1127 2406; baseline 0.005 -23"><span class='ocrx_word' id='word_1_164' title='bbox 36 2322 140 2406; x_wconf 78' lang='grc' dir='ltr'><em>φασίς</em></span> <span class='ocrx_word' id='word_1_165' title='bbox 160 2325 248 2386; x_wconf 69' lang='grc' dir='ltr'><em>ἐστιν</em></span> <span class='ocrx_word' id='word_1_166' title='bbox 260 2358 293 2373; x_wconf 83' lang='lat'><em>-</em></span> <span class='ocrx_word' id='word_1_167' title='bbox 307 2319 519 2401; x_wconf 78' lang='grc' dir='ltr'><em>ὑποδηλοῦσιν</em></span> <span class='ocrx_word' id='word_1_168' title='bbox 540 2323 583 2386; x_wconf 73' lang='grc' dir='ltr'><strong>οῖ’</strong></span> <span class='ocrx_word' id='word_1_169' title='bbox 597 2344 632 2386; x_wconf 82' lang='grc' dir='ltr'><strong>τε</strong></span> <span class='ocrx_word' id='word_1_170' title='bbox 654 2323 775 2387; x_wconf 75' lang='grc' dir='ltr'><strong>θυσίαι</strong></span> <span class='ocrx_word' id='word_1_171' title='bbox 787 2357 820 2369; x_wconf 84' lang='lat'><em>—</em></span> <span class='ocrx_word' id='word_1_172' title='bbox 834 2325 878 2387; x_wconf 74' lang='grc' dir='ltr'><strong>οῖ’</strong></span> <span class='ocrx_word' id='word_1_173' title='bbox 892 2347 926 2388; x_wconf 82' lang='grc' dir='ltr'><strong>τε</strong></span> <span class='ocrx_word' id='word_1_174' title='bbox 946 2325 1010 2387; x_wconf 80' lang='grc' dir='ltr'><strong>τῶν</strong></span> <span class='ocrx_word' id='word_1_175' title='bbox 1038 2324 1127 2389; x_wconf 67' lang='lat' dir='ltr'><strong>numo</strong></span> 
     </span>
     <span class='ocr_line' id='line_1_22' title="bbox 37 2419 1125 2512; baseline 0.006 -28"><span class='ocrx_word' id='word_1_176' title='bbox 37 2421 326 2500; x_wconf 55' lang='grc' dir='ltr'><strong>ὃιοοθέσειςω-οὐχ</strong></span> <span class='ocrx_word' id='word_1_177' title='bbox 346 2419 464 2501; x_wconf 81' lang='grc' dir='ltr'><em>ήκιστοι</em></span> <span class='ocrx_word' id='word_1_178' title='bbox 483 2422 519 2488; x_wconf 72' lang='grc' dir='ltr'><strong>δὲ</strong></span> <span class='ocrx_word' id='word_1_179' title='bbox 547 2427 628 2504; x_wconf 81' lang='lat' dir='ltr'><strong>(scr.</strong></span> <span class='ocrx_word' id='word_1_180' title='bbox 649 2419 701 2502; x_wconf 70' lang='lat' dir='ltr'><strong>d)</strong></span> <span class='ocrx_word' id='word_1_181' title='bbox 726 2419 747 2501; x_wconf 89' lang='grc' dir='ltr'><em>ή</em></span> <span class='ocrx_word' id='word_1_182' title='bbox 767 2424 832 2488; x_wconf 78' lang='grc' dir='ltr'><strong>τῶν</strong></span> <span class='ocrx_word' id='word_1_183' title='bbox 850 2421 1008 2512; x_wconf 75' lang='grc' dir='ltr'><strong>Ὀσιρείων</strong></span> <span class='ocrx_word' id='word_1_184' title='bbox 1035 2422 1125 2502; x_wconf 71' lang='grc' dir='ltr'><em>δόξει.</em></span> 
     </span>
     <span class='ocr_line' id='line_1_23' title="bbox 36 2519 1126 2609; baseline 0.004 -23"><span class='ocrx_word' id='word_1_185' title='bbox 36 2519 75 2586; x_wconf 87' lang='lat' dir='ltr'><strong>ln</strong></span> <span class='ocrx_word' id='word_1_186' title='bbox 98 2522 220 2587; x_wconf 87' lang='lat' dir='ltr'><strong>ceteris</strong></span> <span class='ocrx_word' id='word_1_187' title='bbox 240 2523 354 2590; x_wconf 87' lang='lat' dir='ltr'><strong>verbis</strong></span> <span class='ocrx_word' id='word_1_188' title='bbox 374 2530 482 2589; x_wconf 87' lang='lat' dir='ltr'><strong>autem</strong></span> <span class='ocrx_word' id='word_1_189' title='bbox 503 2523 568 2590; x_wconf 88' lang='lat' dir='ltr'><strong>viri</strong></span> <span class='ocrx_word' id='word_1_190' title='bbox 589 2523 677 2588; x_wconf 88' lang='lat' dir='ltr'><strong>docti</strong></span> <span class='ocrx_word' id='word_1_191' title='bbox 698 2524 732 2589; x_wconf 92' lang='lat' dir='ltr'><strong>in</strong></span> <span class='ocrx_word' id='word_1_192' title='bbox 752 2519 891 2609; x_wconf 75' lang='grc' dir='ltr'><strong>ἀπῖριῖις</strong></span> <span class='ocrx_word' id='word_1_193' title='bbox 922 2522 1126 2594; x_wconf 84' lang='lat' dir='ltr'><strong>offenderunt</strong></span> 
     </span>
     <span class='ocr_line' id='line_1_24' title="bbox 36 2620 1125 2711; baseline 0.003 -23"><span class='ocrx_word' id='word_1_194' title='bbox 36 2625 73 2688; x_wconf 88' lang='lat' dir='ltr'><strong>et</strong></span> <span class='ocrx_word' id='word_1_195' title='bbox 93 2621 278 2689; x_wconf 73' lang='lat' dir='ltr'><strong>Markland.</strong></span> <span class='ocrx_word' id='word_1_196' title='bbox 298 2621 463 2703; x_wconf 76' lang='grc' dir='ltr'><em>ὑσὸοσιιις,</em></span> <span class='ocrx_word' id='word_1_197' title='bbox 486 2623 663 2710; x_wconf 88' lang='lat' dir='ltr'><strong>Wyttenb.</strong></span> <span class='ocrx_word' id='word_1_198' title='bbox 682 2629 719 2690; x_wconf 87' lang='lat' dir='ltr'><strong>et</strong></span> <span class='ocrx_word' id='word_1_199' title='bbox 739 2620 856 2691; x_wconf 84' lang='lat' dir='ltr'><strong>Reisk.</strong></span> <span class='ocrx_word' id='word_1_200' title='bbox 876 2627 1022 2711; x_wconf 77' lang='grc' dir='ltr'><em>ἱστορίας</em></span> <span class='ocrx_word' id='word_1_201' title='bbox 1042 2644 1125 2691; x_wconf 90' lang='lat' dir='ltr'><strong>con-</strong></span> 
     </span>
     <span class='ocr_line' id='line_1_25' title="bbox 21 2722 1125 2811; baseline 0.009 -24"><span class='ocrx_word' id='word_1_202' title='bbox 21 2722 195 2806; x_wconf 80' lang='lat' dir='ltr'><strong>&#39;jecerant</strong></span> <span class='ocrx_word' id='word_1_203' title='bbox 236 2723 282 2790; x_wconf 77' lang='lat' dir='ltr'><strong>nt</strong></span> <span class='ocrx_word' id='word_1_204' title='bbox 303 2725 469 2790; x_wconf 84' lang='lat' dir='ltr'><strong>sententia</strong></span> <span class='ocrx_word' id='word_1_205' title='bbox 489 2730 544 2791; x_wconf 90' lang='lat' dir='ltr'><strong>est</strong></span> <span class='ocrx_word' id='word_1_206' title='bbox 561 2724 687 2791; x_wconf 83' lang='lat' dir='ltr'><strong>iubrrtos</strong></span> <span class='ocrx_word' id='word_1_207' title='bbox 707 2725 792 2789; x_wconf 91' lang='lat' dir='ltr'><strong>istas</strong></span> <span class='ocrx_word' id='word_1_208' title='bbox 812 2744 877 2790; x_wconf 92' lang='lat' dir='ltr'><strong>non</strong></span> <span class='ocrx_word' id='word_1_209' title='bbox 898 2744 1032 2811; x_wconf 84' lang='lat' dir='ltr'><strong>prorsus</strong></span> <span class='ocrx_word' id='word_1_210' title='bbox 1045 2747 1125 2797; x_wconf 82' lang='lat' dir='ltr'><strong>esse</strong></span> 
     </span>
     <span class='ocr_line' id='line_1_26' title="bbox 36 2822 1129 2912; baseline 0.008 -24"><span class='ocrx_word' id='word_1_211' title='bbox 36 2822 153 2903; x_wconf 82' lang='lat' dir='ltr'><strong>dotas,</strong></span> <span class='ocrx_word' id='word_1_212' title='bbox 175 2831 212 2892; x_wconf 89' lang='lat' dir='ltr'><strong>ut</strong></span> <span class='ocrx_word' id='word_1_213' title='bbox 232 2831 401 2910; x_wconf 78' lang='lat' dir='ltr'><strong>poetarum</strong></span> <span class='ocrx_word' id='word_1_214' title='bbox 421 2826 571 2912; x_wconf 81' lang='lat' dir='ltr'><strong>intutas,</strong></span> <span class='ocrx_word' id='word_1_215' title='bbox 612 2824 675 2890; x_wconf 89' lang='lat' dir='ltr'><strong>sed</strong></span> <span class='ocrx_word' id='word_1_216' title='bbox 695 2825 864 2893; x_wconf 87' lang='lat' dir='ltr'><strong>continere</strong></span> <span class='ocrx_word' id='word_1_217' title='bbox 886 2828 1129 2897; x_wconf 76' lang='lat' dir='ltr'><strong>enarrationem</strong></span> 
     </span>
     <span class='ocr_line' id='line_1_27' title="bbox 36 2921 1125 3014; baseline 0.006 -25"><span class='ocrx_word' id='word_1_218' title='bbox 36 2921 162 3003; x_wconf 78' lang='lat' dir='ltr'><strong>rerurn,</strong></span> <span class='ocrx_word' id='word_1_219' title='bbox 200 2945 281 3011; x_wconf 81' lang='lat' dir='ltr'><strong>quas</strong></span> <span class='ocrx_word' id='word_1_220' title='bbox 302 2927 420 3014; x_wconf 86' lang='lat' dir='ltr'><strong>aliquis</strong></span> <span class='ocrx_word' id='word_1_221' title='bbox 442 2943 560 2995; x_wconf 85' lang='lat' dir='ltr'><strong>revera</strong></span> <span class='ocrx_word' id='word_1_222' title='bbox 583 2944 703 3012; x_wconf 84' lang='lat' dir='ltr'><strong>passus</strong></span> <span class='ocrx_word' id='word_1_223' title='bbox 723 2926 768 2990; x_wconf 91' lang='lat' dir='ltr'><strong>sit</strong></span> <span class='ocrx_word' id='word_1_224' title='bbox 788 2928 930 3005; x_wconf 71' lang='lat' dir='ltr'><strong>(noceo</strong></span> <span class='ocrx_word' id='word_1_225' title='bbox 950 2925 1125 3010; x_wconf 79' lang='grc' dir='ltr'><em>διηγήσεις)</em></span> 
     </span>
     <span class='ocr_line' id='line_1_28' title="bbox 36 3023 1125 3114; baseline 0.005 -24"><span class='ocrx_word' id='word_1_226' title='bbox 36 3028 73 3090; x_wconf 84' lang='grc' dir='ltr'><strong>οῖ</strong></span> <span class='ocrx_word' id='word_1_227' title='bbox 101 3023 328 3114; x_wconf 83' lang='lat' dir='ltr'><strong>diiticultates‚</strong></span> <span class='ocrx_word' id='word_1_228' title='bbox 369 3027 484 3114; x_wconf 80' lang='lat' dir='ltr'><strong>quitus</strong></span> <span class='ocrx_word' id='word_1_229' title='bbox 506 3027 683 3095; x_wconf 84' lang='lat' dir='ltr'><strong>obstrictus</strong></span> <span class='ocrx_word' id='word_1_230' title='bbox 703 3027 801 3093; x_wconf 86' lang='lat' dir='ltr'><strong>inerit</strong></span> <span class='ocrx_word' id='word_1_231' title='bbox 831 3027 988 3113; x_wconf 76' lang='grc' dir='ltr'><strong>(ἀπορίας</strong></span> <span class='ocrx_word' id='word_1_232' title='bbox 1006 3028 1125 3113; x_wconf 76' lang='grc' dir='ltr'><strong>τινὰς),</strong></span> 
     </span>
     <span class='ocr_line' id='line_1_29' title="bbox 35 3124 1124 3218; baseline 0.009 -28"><span class='ocrx_word' id='word_1_233' title='bbox 35 3126 82 3192; x_wconf 91' lang='lat' dir='ltr'><strong>ita</strong></span> <span class='ocrx_word' id='word_1_234' title='bbox 104 3132 140 3192; x_wconf 90' lang='lat' dir='ltr'><strong>ut</strong></span> <span class='ocrx_word' id='word_1_235' title='bbox 159 3124 299 3215; x_wconf 77' lang='grc' dir='ltr'><em>ἀπορίας</em></span> <span class='ocrx_word' id='word_1_236' title='bbox 319 3129 424 3194; x_wconf 88' lang='lat' dir='ltr'><strong>locum</strong></span> <span class='ocrx_word' id='word_1_237' title='bbox 447 3148 539 3197; x_wconf 88' lang='lat' dir='ltr'><strong>suom</strong></span> <span class='ocrx_word' id='word_1_238' title='bbox 560 3145 626 3193; x_wconf 91' lang='lat' dir='ltr'><strong>nou</strong></span> <span class='ocrx_word' id='word_1_239' title='bbox 646 3127 752 3193; x_wconf 87' lang='lat' dir='ltr'><strong>minus</strong></span> <span class='ocrx_word' id='word_1_240' title='bbox 773 3127 857 3196; x_wconf 81' lang='lat' dir='ltr'><strong>bene</strong></span> <span class='ocrx_word' id='word_1_241' title='bbox 878 3135 1007 3214; x_wconf 86' lang='lat' dir='ltr'><strong>teneat,</strong></span> <span class='ocrx_word' id='word_1_242' title='bbox 1029 3147 1124 3218; x_wconf 84' lang='lat' dir='ltr'><strong>quam</strong></span> 
     </span>
     <span class='ocr_line' id='line_1_30' title="bbox 36 3225 1124 3319; baseline 0.007 -27"><span class='ocrx_word' id='word_1_243' title='bbox 36 3228 70 3292; x_wconf 91' lang='lat' dir='ltr'><strong>io</strong></span> <span class='ocrx_word' id='word_1_244' title='bbox 104 3228 147 3292; x_wconf 83' lang='lat' dir='ltr'><strong>iis</strong></span> <span class='ocrx_word' id='word_1_245' title='bbox 179 3249 262 3313; x_wconf 84' lang='lat' dir='ltr'><strong>quoe</strong></span> <span class='ocrx_word' id='word_1_246' title='bbox 290 3235 469 3315; x_wconf 87' lang='lat' dir='ltr'><strong>sequuntur</strong></span> <span class='ocrx_word' id='word_1_247' title='bbox 499 3227 631 3295; x_wconf 88' lang='lat' dir='ltr'><strong>verbnm</strong></span> <span class='ocrx_word' id='word_1_248' title='bbox 662 3225 890 3319; x_wconf 73' lang='grc' dir='ltr'><strong>ἀναχωρήσει,</strong></span> <span class='ocrx_word' id='word_1_249' title='bbox 930 3233 1022 3316; x_wconf 71' lang='lat' dir='ltr'><strong>cutus</strong></span> <span class='ocrx_word' id='word_1_250' title='bbox 1053 3233 1124 3301; x_wconf 89' lang='lat' dir='ltr'><strong>ioco</strong></span> 
     </span>
     <span class='ocr_line' id='line_1_31' title="bbox 37 3326 1125 3422; baseline 0.006 -29"><span class='ocrx_word' id='word_1_251' title='bbox 37 3326 194 3395; x_wconf 81' lang='lat' dir='ltr'><strong>Reiskios</strong></span> <span class='ocrx_word' id='word_1_252' title='bbox 213 3327 393 3395; x_wconf 69' lang='lat' dir='ltr'><strong>cicactrice</strong></span> <span class='ocrx_word' id='word_1_253' title='bbox 421 3334 456 3396; x_wconf 90' lang='lat' dir='ltr'><strong>ct</strong></span> <span class='ocrx_word' id='word_1_254' title='bbox 478 3329 654 3416; x_wconf 85' lang='lat' dir='ltr'><strong>Wyttenb.</strong></span> <span class='ocrx_word' id='word_1_255' title='bbox 682 3336 739 3397; x_wconf 86' lang='lat' dir='ltr'><strong>aut</strong></span> <span class='ocrx_word' id='word_1_256' title='bbox 769 3329 832 3396; x_wconf 88' lang='lat' dir='ltr'><strong>hoc</strong></span> <span class='ocrx_word' id='word_1_257' title='bbox 857 3338 915 3398; x_wconf 90' lang='lat' dir='ltr'><strong>aot</strong></span> <span class='ocrx_word' id='word_1_258' title='bbox 941 3331 1125 3422; x_wconf 76' lang='grc' dir='ltr'><em>ἀιιιχρώσει</em></span> 
     </span>
     <span class='ocr_line' id='line_1_32' title="bbox 35 3429 1124 3521; baseline 0.006 -27"><span class='ocrx_word' id='word_1_259' title='bbox 35 3429 151 3515; x_wconf 84' lang='lat' dir='ltr'><strong>reponi</strong></span> <span class='ocrx_word' id='word_1_260' title='bbox 188 3430 269 3495; x_wconf 86' lang='lat' dir='ltr'><strong>vuit.</strong></span> <span class='ocrx_word' id='word_1_261' title='bbox 323 3432 370 3496; x_wconf 87' lang='lat' dir='ltr'><strong>At</strong></span> <span class='ocrx_word' id='word_1_262' title='bbox 396 3449 535 3518; x_wconf 89' lang='lat' dir='ltr'><strong>quonam</strong></span> <span class='ocrx_word' id='word_1_263' title='bbox 568 3429 632 3495; x_wconf 89' lang='lat' dir='ltr'><strong>atio</strong></span> <span class='ocrx_word' id='word_1_264' title='bbox 665 3430 759 3498; x_wconf 91' lang='lat' dir='ltr'><strong>modo</strong></span> <span class='ocrx_word' id='word_1_265' title='bbox 792 3430 907 3499; x_wconf 91' lang='lat' dir='ltr'><strong>iridem</strong></span> <span class='ocrx_word' id='word_1_266' title='bbox 939 3436 1124 3521; x_wconf 84' lang='lat' dir='ltr'><strong>conspicies</strong></span> 
     </span>
     <span class='ocr_line' id='line_1_33' title="bbox 36 3526 1124 3616; baseline 0.007 -23"><span class='ocrx_word' id='word_1_267' title='bbox 36 3549 130 3615; x_wconf 74' lang='lat' dir='ltr'><strong>prum</strong></span> <span class='ocrx_word' id='word_1_268' title='bbox 150 3549 224 3596; x_wconf 84' lang='lat' dir='ltr'><strong>curn</strong></span> <span class='ocrx_word' id='word_1_269' title='bbox 244 3532 329 3598; x_wconf 79' lang='lat' dir='ltr'><strong>facie</strong></span> <span class='ocrx_word' id='word_1_270' title='bbox 351 3539 406 3599; x_wconf 88' lang='lat' dir='ltr'><strong>tua</strong></span> <span class='ocrx_word' id='word_1_271' title='bbox 426 3552 449 3597; x_wconf 82' lang='lat' dir='ltr'><strong>u</strong></span> <span class='ocrx_word' id='word_1_272' title='bbox 469 3531 541 3596; x_wconf 88' lang='lat' dir='ltr'><strong>sote</strong></span> <span class='ocrx_word' id='word_1_273' title='bbox 555 3529 598 3595; x_wconf 88' lang='lat' dir='ltr'><strong>ad</strong></span> <span class='ocrx_word' id='word_1_274' title='bbox 612 3531 794 3616; x_wconf 87' lang='lat' dir='ltr'><strong>oppositam</strong></span> <span class='ocrx_word' id='word_1_275' title='bbox 806 3532 922 3601; x_wconf 83' lang='lat' dir='ltr'><strong>nubem</strong></span> <span class='ocrx_word' id='word_1_276' title='bbox 935 3526 1124 3601; x_wconf 64' lang='lat' dir='ltr'><strong>recedens?</strong></span> 
     </span>
     <span class='ocr_line' id='line_1_34' title="bbox 35 3627 1128 3724; baseline 0.007 -31"><span class='ocrx_word' id='word_1_277' title='bbox 35 3629 133 3716; x_wconf 79' lang='lat' dir='ltr'><strong>idque</strong></span> <span class='ocrx_word' id='word_1_278' title='bbox 159 3633 348 3718; x_wconf 85' lang='lat' dir='ltr'><strong>exprimitur</strong></span> <span class='ocrx_word' id='word_1_279' title='bbox 375 3633 511 3701; x_wconf 76' lang='lat' dir='ltr'><strong>veritis:</strong></span> <span class='ocrx_word' id='word_1_280' title='bbox 555 3632 595 3714; x_wconf 78' lang='grc' dir='ltr'><strong>τῇ</strong></span> <span class='ocrx_word' id='word_1_281' title='bbox 623 3627 702 3717; x_wconf 80' lang='grc' dir='ltr'><strong><em>πρὸς</em></strong></span> <span class='ocrx_word' id='word_1_282' title='bbox 729 3628 768 3695; x_wconf 84' lang='grc' dir='ltr'><strong>τὸ</strong></span> <span class='ocrx_word' id='word_1_283' title='bbox 797 3637 894 3720; x_wconf 58' lang='lat' dir='ltr'><strong>nimos·</strong></span> <span class='ocrx_word' id='word_1_284' title='bbox 920 3631 1128 3724; x_wconf 71' lang='grc' dir='ltr'><em>ἀναχωρήσει</em></span> 
     </span>
     <span class='ocr_line' id='line_1_35' title="bbox 35 3729 1122 3819; baseline 0.006 -26"><span class='ocrx_word' id='word_1_285' title='bbox 35 3732 92 3807; x_wconf 75' lang='grc' dir='ltr'><strong>τῆς</strong></span> <span class='ocrx_word' id='word_1_286' title='bbox 114 3729 234 3816; x_wconf 82' lang='grc' dir='ltr'><em>ὄψεως.</em></span> <span class='ocrx_word' id='word_1_287' title='bbox 276 3735 354 3800; x_wconf 85' lang='lat' dir='ltr'><strong>Nou</strong></span> <span class='ocrx_word' id='word_1_288' title='bbox 376 3734 480 3818; x_wconf 84' lang='lat' dir='ltr'><strong>magis</strong></span> <span class='ocrx_word' id='word_1_289' title='bbox 507 3730 648 3816; x_wconf 87' lang='lat' dir='ltr'><strong>denique</strong></span> <span class='ocrx_word' id='word_1_290' title='bbox 676 3731 831 3816; x_wconf 84' lang='lat' dir='ltr'><strong>probahis</strong></span> <span class='ocrx_word' id='word_1_291' title='bbox 856 3732 979 3819; x_wconf 81' lang='lat' dir='ltr'><strong>Squirii</strong></span> <span class='ocrx_word' id='word_1_292' title='bbox 1008 3737 1122 3819; x_wconf 90' lang='lat' dir='ltr'><strong>conje-</strong></span> 
     </span>
     <span class='ocr_line' id='line_1_36' title="bbox 35 3831 1121 3918; baseline 0.006 -23"><span class='ocrx_word' id='word_1_293' title='bbox 35 3838 175 3910; x_wconf 85' lang='lat' dir='ltr'><strong>cturam,</strong></span> <span class='ocrx_word' id='word_1_294' title='bbox 218 3852 283 3917; x_wconf 83' lang='lat' dir='ltr'><strong>quo</strong></span> <span class='ocrx_word' id='word_1_295' title='bbox 303 3833 321 3898; x_wconf 88' lang='grc' dir='ltr'>ὁ</span> <span class='ocrx_word' id='word_1_296' title='bbox 342 3835 494 3900; x_wconf 71' lang='grc' dir='ltr'><em>ενταῦθα</em></span> <span class='ocrx_word' id='word_1_297' title='bbox 513 3832 626 3915; x_wconf 74' lang='grc' dir='ltr'><em>μῦθος</em></span> <span class='ocrx_word' id='word_1_298' title='bbox 656 3831 677 3896; x_wconf 94' lang='lat' dir='ltr'><strong>i.</strong></span> <span class='ocrx_word' id='word_1_299' title='bbox 699 3851 727 3898; x_wconf 88' lang='lat' dir='ltr'><strong>e.</strong></span> <span class='ocrx_word' id='word_1_300' title='bbox 758 3852 965 3918; x_wconf 86' lang='lat' dir='ltr'><strong>praesens</strong></span> <span class='ocrx_word' id='word_1_301' title='bbox 985 3834 1121 3903; x_wconf 82' lang='lat' dir='ltr'><strong>inbuta</strong></span> 
     </span>
     <span class='ocr_line' id='line_1_37' title="bbox 34 3929 1122 4016; baseline 0.004 -21"><span class='ocrx_word' id='word_1_302' title='bbox 34 3929 164 4015; x_wconf 79' lang='lat' dir='ltr'><strong>tegatur</strong></span> <span class='ocrx_word' id='word_1_303' title='bbox 184 3933 266 3998; x_wconf 86' lang='lat' dir='ltr'><strong>voit.</strong></span> <span class='ocrx_word' id='word_1_304' title='bbox 294 3934 472 4003; x_wconf 81' lang='lat' dir='ltr'><strong>Sententia</strong></span> <span class='ocrx_word' id='word_1_305' title='bbox 494 3933 582 4000; x_wconf 86' lang='lat' dir='ltr'><strong>euim</strong></span> <span class='ocrx_word' id='word_1_306' title='bbox 605 3930 718 3998; x_wconf 84' lang='lat' dir='ltr'><strong>endem</strong></span> <span class='ocrx_word' id='word_1_307' title='bbox 740 3939 796 3999; x_wconf 82' lang='lat' dir='ltr'><strong>est</strong></span> <span class='ocrx_word' id='word_1_308' title='bbox 814 3934 849 4000; x_wconf 90' lang='lat' dir='ltr'><strong>in</strong></span> <span class='ocrx_word' id='word_1_309' title='bbox 871 3935 1004 4000; x_wconf 80' lang='lat' dir='ltr'><strong>ventris:</strong></span> <span class='ocrx_word' id='word_1_310' title='bbox 1026 3931 1045 3999; x_wconf 88' lang='grc' dir='ltr'>ὁ</span> <span class='ocrx_word' id='word_1_311' title='bbox 1057 3935 1122 4016; x_wconf 82' lang='grc' dir='ltr'><strong>μῦ-</strong></span> 
     </span>
     <span class='ocr_line' id='line_1_38' title="bbox 35 4030 1123 4121; baseline 0.004 -24"><span class='ocrx_word' id='word_1_312' title='bbox 35 4033 104 4109; x_wconf 71' lang='grc' dir='ltr'><strong>θος</strong></span> <span class='ocrx_word' id='word_1_313' title='bbox 121 4034 276 4102; x_wconf 65' lang='lat' dir='ltr'><strong>mondo</strong></span> <span class='ocrx_word' id='word_1_314' title='bbox 296 4036 434 4106; x_wconf 80' lang='lat' dir='ltr'><strong>tabula</strong></span> <span class='ocrx_word' id='word_1_315' title='bbox 455 4032 536 4116; x_wconf 82' lang='lat' dir='ltr'><strong>trie,</strong></span> <span class='ocrx_word' id='word_1_316' title='bbox 556 4034 622 4104; x_wconf 78' lang='lat' dir='ltr'><strong>ic</strong></span> <span class='ocrx_word' id='word_1_317' title='bbox 642 4031 828 4121; x_wconf 81' lang='lat' dir='ltr'><strong>dequahic</strong></span> <span class='ocrx_word' id='word_1_318' title='bbox 839 4034 957 4120; x_wconf 72' lang='lat' dir='ltr'><strong>agitur.</strong></span> <span class='ocrx_word' id='word_1_319' title='bbox 980 4030 1018 4104; x_wconf 65' lang='lat' dir='ltr'><strong>Gr</strong></span> <span class='ocrx_word' id='word_1_320' title='bbox 1032 4034 1123 4105; x_wconf 77' lang='lat' dir='ltr'><strong>XXI:</strong></span> 
     </span>
    </p>
   </div>
   <div class='ocr_carea' id='block_1_5' title="bbox 0 0 1294 4514">
    <p class='ocr_par' dir='ltr' id='par_1_5' title="bbox 0 0 1294 4514">
     <span class='ocr_line' id='line_1_39' title="bbox 0 0 1294 4514; baseline 0 1"><span class='ocrx_word' id='word_1_321' title='bbox 0 0 1294 4514; x_wconf 95' lang='lat' dir='ltr'><strong> </strong></span> 
     </span>
    </p>
   </div>
  </div>
 </body>
</html>
