<?xml version="1.0" encoding="UTF-8"?>
<!DOCTYPE html PUBLIC "-//W3C//DTD XHTML 1.0 Transitional//EN"
    "http://www.w3.org/TR/xhtml1/DTD/xhtml1-transitional.dtd">
<html xmlns="http://www.w3.org/1999/xhtml" xml:lang="en" lang="en">
 <head>
  <title>
</title>
<meta http-equiv="Content-Type" content="text/html;charset=utf-8" />
  <meta name='ocr-system' content='tesseract 3.04.00' />
  <meta name='ocr-capabilities' content='ocr_page ocr_carea ocr_par ocr_line ocrx_word'/>
</head>
<body>
  <div class='ocr_page' id='page_1' title='image "./dehiatuinorator01bensgoog_0460.png"; bbox 0 0 2580 4514; ppageno 0'>
   <div class='ocr_carea' id='block_1_1' title="bbox 503 149 774 215">
    <p class='ocr_par' dir='ltr' id='par_1_1' title="bbox 503 149 774 215">
     <span class='ocr_line' id='line_1_1' title="bbox 503 149 774 215; baseline 0.015 -16"><span class='ocrx_word' id='word_1_1' title='bbox 503 149 774 215; x_wconf 69' lang='grc'><strong>..431-</strong></span> 
     </span>
    </p>
   </div>
   <div class='ocr_carea' id='block_1_2' title="bbox 75 311 1289 4125">
    <p class='ocr_par' dir='ltr' id='par_1_2' title="bbox 75 311 1262 1911">
     <span class='ocr_line' id='line_1_2' title="bbox 75 311 1186 409; baseline -0.005 -20"><span class='ocrx_word' id='word_1_2' title='bbox 75 315 472 389; x_wconf 63' lang='lat' dir='ltr'><strong>mouendarum</strong></span> <span class='ocrx_word' id='word_1_3' title='bbox 504 312 645 409; x_wconf 81' lang='lat' dir='ltr'><strong>relata).</strong></span> <span class='ocrx_word' id='word_1_4' title='bbox 687 314 728 384; x_wconf 79' lang='lat' dir='ltr'><strong>(l.</strong></span> <span class='ocrx_word' id='word_1_5' title='bbox 757 314 831 383; x_wconf 87' lang='lat' dir='ltr'><strong>XV.</strong></span> <span class='ocrx_word' id='word_1_6' title='bbox 860 335 926 383; x_wconf 78' lang='lat' dir='ltr'><strong>coc</strong></span> <span class='ocrx_word' id='word_1_7' title='bbox 952 311 982 382; x_wconf 84' lang='lat' dir='ltr'><strong>ri.</strong></span> <span class='ocrx_word' id='word_1_8' title='bbox 998 401 1001 408; x_wconf 26' lang='lat'>¹</span> <span class='ocrx_word' id='word_1_9' title='bbox 1016 312 1066 381; x_wconf 75' lang='lat' dir='ltr'><strong>[l.</strong></span> <span class='ocrx_word' id='word_1_10' title='bbox 1093 311 1186 383; x_wconf 88' lang='lat' dir='ltr'><strong>XVI.</strong></span> 
     </span>
     <span class='ocr_line' id='line_1_3' title="bbox 75 409 1187 506; baseline -0.007 -19"><span class='ocrx_word' id='word_1_11' title='bbox 75 419 217 500; x_wconf 72' lang='grc' dir='ltr'><strong><em>ἀδήλου</em></strong></span> <span class='ocrx_word' id='word_1_12' title='bbox 240 409 458 503; x_wconf 74' lang='grc' dir='ltr'><strong><em>οὖν-ποιητῇ</em></strong></span> <span class='ocrx_word' id='word_1_13' title='bbox 477 416 690 506; x_wconf 77' lang='grc' dir='ltr'><strong><em>Ἀμφιάρεως.</em></strong></span> <span class='ocrx_word' id='word_1_14' title='bbox 710 415 749 484; x_wconf 77' lang='lat' dir='ltr'><strong>C.</strong></span> <span class='ocrx_word' id='word_1_15' title='bbox 771 411 969 482; x_wconf 83' lang='grc' dir='ltr'><strong><em>ΧΙΧ.·αὐτό</em></strong></span> <span class='ocrx_word' id='word_1_16' title='bbox 989 412 1097 494; x_wconf 57' lang='lat' dir='ltr'><strong>‹tc-kb</strong></span> <span class='ocrx_word' id='word_1_17' title='bbox 1105 412 1187 495; x_wconf 73' lang='grc' dir='ltr'><strong>ἁλή-</strong></span> 
     </span>
     <span class='ocr_line' id='line_1_4' title="bbox 75 512 1187 602; baseline -0.007 -14"><span class='ocrx_word' id='word_1_18' title='bbox 75 523 173 589; x_wconf 62' lang='lat' dir='ltr'><strong>&amp;aa</strong></span> <span class='ocrx_word' id='word_1_19' title='bbox 196 519 402 599; x_wconf 76' lang='grc' dir='ltr'><strong><em>ἔχει-αὐτὸ</em></strong></span> <span class='ocrx_word' id='word_1_20' title='bbox 424 519 646 585; x_wconf 72' lang='grc' dir='ltr'><strong><em>εἷναι-αὐτὸ</em></strong></span> <span class='ocrx_word' id='word_1_21' title='bbox 668 515 1017 602; x_wconf 57' lang='grc' dir='ltr'><strong><em>ἀτιμώσας-τιμᾶται</em></strong></span> <span class='ocrx_word' id='word_1_22' title='bbox 1038 512 1101 582; x_wconf 78' lang='grc' dir='ltr'><strong>ὑπό</strong></span> <span class='ocrx_word' id='word_1_23' title='bbox 1123 539 1187 581; x_wconf 80' lang='grc' dir='ltr'><strong>σου</strong></span> 
     </span>
     <span class='ocr_line' id='line_1_5' title="bbox 75 612 1200 708; baseline -0.007 -18"><span class='ocrx_word' id='word_1_24' title='bbox 75 627 254 706; x_wconf 66' lang='grc' dir='ltr'><strong><em>ὀπιμελῶς.</em></strong></span> <span class='ocrx_word' id='word_1_25' title='bbox 275 622 313 688; x_wconf 82' lang='lat' dir='ltr'><strong>C.</strong></span> <span class='ocrx_word' id='word_1_26' title='bbox 329 623 436 687; x_wconf 88' lang='lat' dir='ltr'><strong>XXII.</strong></span> <span class='ocrx_word' id='word_1_27' title='bbox 457 622 754 708; x_wconf 71' lang='grc' dir='ltr'><strong><em>φιλοπενθέστεραί</em></strong></span> <span class='ocrx_word' id='word_1_28' title='bbox 771 623 844 683; x_wconf 86' lang='grc' dir='ltr'><strong><em>εἰσι.</em></strong></span> <span class='ocrx_word' id='word_1_29' title='bbox 867 615 906 683; x_wconf 81' lang='grc' dir='ltr'><strong>Ο.</strong></span> <span class='ocrx_word' id='word_1_30' title='bbox 928 615 1053 682; x_wconf 90' lang='lat' dir='ltr'><strong>XXIII.</strong></span> <span class='ocrx_word' id='word_1_31' title='bbox 1073 617 1125 681; x_wconf 71' lang='lat' dir='ltr'><strong>cul</strong></span> <span class='ocrx_word' id='word_1_32' title='bbox 1145 612 1200 682; x_wconf 76' lang='grc' dir='ltr'><strong>τὸΙ</strong></span> 
     </span>
     <span class='ocr_line' id='line_1_6' title="bbox 75 713 1190 810; baseline -0.009 -19"><span class='ocrx_word' id='word_1_33' title='bbox 75 722 173 792; x_wconf 73' lang='grc' dir='ltr'><strong><em>αὐτὸ</em></strong></span> <span class='ocrx_word' id='word_1_34' title='bbox 205 727 459 809; x_wconf 65' lang='grc' dir='ltr'><strong><em>ἔρχονται-εἰν</em></strong></span> <span class='ocrx_word' id='word_1_35' title='bbox 487 717 602 798; x_wconf 78' lang='grc' dir='ltr'>ὁ-ὃὴ</span> <span class='ocrx_word' id='word_1_36' title='bbox 633 716 698 810; x_wconf 83' lang='lat' dir='ltr'><strong>(al.</strong></span> <span class='ocrx_word' id='word_1_37' title='bbox 727 713 783 809; x_wconf 73' lang='lat' dir='ltr'><strong>ol)</strong></span> <span class='ocrx_word' id='word_1_38' title='bbox 820 715 1190 799; x_wconf 77' lang='grc' dir='ltr'><strong><em>ὁ-πεντειιαιδεκαῖτη</em></strong></span> 
     </span>
     <span class='ocr_line' id='line_1_7' title="bbox 76 813 1190 909; baseline -0.01 -17"><span class='ocrx_word' id='word_1_39' title='bbox 76 823 340 909; x_wconf 71' lang='grc' dir='ltr'><strong>ἀπογενόμενον.</strong></span> <span class='ocrx_word' id='word_1_40' title='bbox 387 821 424 889; x_wconf 79' lang='lat' dir='ltr'><strong>G.</strong></span> <span class='ocrx_word' id='word_1_41' title='bbox 446 821 571 888; x_wconf 84' lang='lat' dir='ltr'>XXIV.</span> <span class='ocrx_word' id='word_1_42' title='bbox 600 827 812 905; x_wconf 71' lang='grc' dir='ltr'><strong><em>προειρημένα</em></strong></span> <span class='ocrx_word' id='word_1_43' title='bbox 839 819 1081 896; x_wconf 64' lang='grc' dir='ltr'><strong>ἐν-«ὃιελέχθη</strong></span> <span class='ocrx_word' id='word_1_44' title='bbox 1107 813 1190 882; x_wconf 79' lang='grc' dir='ltr'><strong><em>υἱὸν.</em></strong></span> 
     </span>
     <span class='ocr_line' id='line_1_8' title="bbox 79 914 1189 1013; baseline -0.005 -22"><span class='ocrx_word' id='word_1_45' title='bbox 79 925 126 1004; x_wconf 81' lang='lat' dir='ltr'><strong>C.</strong></span> <span class='ocrx_word' id='word_1_46' title='bbox 154 926 280 991; x_wconf 87' lang='lat' dir='ltr'><strong>XXVI.</strong></span> <span class='ocrx_word' id='word_1_47' title='bbox 310 920 400 1000; x_wconf 76' lang='grc' dir='ltr'><strong>-ὃὴ</strong></span> <span class='ocrx_word' id='word_1_48' title='bbox 429 917 841 1000; x_wconf 67' lang='grc' dir='ltr'><strong><em>ἀτελεύτητον-γίνονται</em></strong></span> <span class='ocrx_word' id='word_1_49' title='bbox 863 914 946 1013; x_wconf 70' lang='grc' dir='ltr'><strong>ὑπὸ.</strong></span> <span class='ocrx_word' id='word_1_50' title='bbox 987 914 1023 984; x_wconf 82' lang='lat' dir='ltr'><strong>C.</strong></span> <span class='ocrx_word' id='word_1_51' title='bbox 1045 917 1189 992; x_wconf 87' lang='lat' dir='ltr'><strong>XXVII.</strong></span> 
     </span>
     <span class='ocr_line' id='line_1_9' title="bbox 81 1016 1190 1111; baseline -0.007 -21"><span class='ocrx_word' id='word_1_52' title='bbox 81 1027 242 1106; x_wconf 79' lang='grc' dir='ltr'><strong><em>-Μίδμ</em></strong></span> <span class='ocrx_word' id='word_1_53' title='bbox 262 1021 620 1111; x_wconf 62' lang='lat' dir='ltr'><strong>&amp;comparandae-coi</strong></span> <span class='ocrx_word' id='word_1_54' title='bbox 642 1016 786 1102; x_wconf 77' lang='grc' dir='ltr'><strong><em>Εὐδήμῳ</em></strong></span> <span class='ocrx_word' id='word_1_55' title='bbox 808 1025 1054 1105; x_wconf 67' lang='grc' dir='ltr'><strong><em>ἐπιγραφομένῳ</em></strong></span> <span class='ocrx_word' id='word_1_56' title='bbox 1080 1017 1110 1098; x_wconf 81' lang='grc' dir='ltr'><strong>ἢ.</strong></span> <span class='ocrx_word' id='word_1_57' title='bbox 1153 1017 1190 1087; x_wconf 78' lang='grc' dir='ltr'><strong>Ο.</strong></span> 
     </span>
     <span class='ocr_line' id='line_1_10' title="bbox 82 1109 1190 1214; baseline -0.007 -22"><span class='ocrx_word' id='word_1_58' title='bbox 82 1114 253 1193; x_wconf 85' lang='lat' dir='ltr'><strong>XXVIII.</strong></span> <span class='ocrx_word' id='word_1_59' title='bbox 274 1129 338 1214; x_wconf 80' lang='grc' dir='ltr'><strong>χρὴ</strong></span> <span class='ocrx_word' id='word_1_60' title='bbox 361 1115 512 1190; x_wconf 75' lang='grc' dir='ltr'><strong><em>οὖν-δεῖ</em></strong></span> <span class='ocrx_word' id='word_1_61' title='bbox 531 1111 657 1187; x_wconf 77' lang='grc' dir='ltr'><strong><em>οὗν-ὁὶ</em></strong></span> <span class='ocrx_word' id='word_1_62' title='bbox 677 1118 892 1206; x_wconf 79' lang='grc' dir='ltr'><strong><em>ἔχρησαν-Ὁ</em></strong></span> <span class='ocrx_word' id='word_1_63' title='bbox 907 1109 973 1184; x_wconf 78' lang='grc' dir='ltr'><strong>ὀὖν</strong></span> <span class='ocrx_word' id='word_1_64' title='bbox 993 1117 1190 1198; x_wconf 54' lang='lat' dir='ltr'><strong>nicanor-</strong></span> 
     </span>
     <span class='ocr_line' id='line_1_11' title="bbox 81 1217 1262 1310; baseline -0.006 -18"><span class='ocrx_word' id='word_1_65' title='bbox 81 1223 206 1304; x_wconf 73' lang='grc' dir='ltr'><strong><em>θνητὰ</em></strong></span> <span class='ocrx_word' id='word_1_66' title='bbox 228 1220 616 1310; x_wconf 73' lang='grc' dir='ltr'><strong><em>ἐγέννησεν-ἀνθρώπου</em></strong></span> <span class='ocrx_word' id='word_1_67' title='bbox 636 1220 777 1303; x_wconf 78' lang='grc' dir='ltr'><strong><em>ἀγνοεῖν.</em></strong></span> <span class='ocrx_word' id='word_1_68' title='bbox 820 1217 858 1288; x_wconf 74' lang='lat' dir='ltr'><strong>C.</strong></span> <span class='ocrx_word' id='word_1_69' title='bbox 875 1221 983 1286; x_wconf 91' lang='lat' dir='ltr'><strong>XXX.</strong></span> <span class='ocrx_word' id='word_1_70' title='bbox 1006 1217 1096 1303; x_wconf 75' lang='grc' dir='ltr'><strong><em>αὐτῷ</em></strong></span> <span class='ocrx_word' id='word_1_71' title='bbox 1112 1218 1190 1286; x_wconf 78' lang='lat' dir='ltr'><strong>‹idri-</strong></span> <span class='ocrx_word' id='word_1_72' title='bbox 1257 1237 1262 1249; x_wconf 87' lang='lat'><strong>·</strong></span> 
     </span>
     <span class='ocr_line' id='line_1_12' title="bbox 79 1320 1191 1413; baseline -0.004 -20"><span class='ocrx_word' id='word_1_73' title='bbox 79 1351 167 1407; x_wconf 81' lang='grc' dir='ltr'><strong><em>νην,</em></strong></span> <span class='ocrx_word' id='word_1_74' title='bbox 197 1328 286 1412; x_wconf 81' lang='lat' dir='ltr'><strong>vulg.</strong></span> <span class='ocrx_word' id='word_1_75' title='bbox 310 1324 506 1413; x_wconf 75' lang='grc' dir='ltr'><strong><em>ὀφθαλμοῖς</em></strong></span> <span class='ocrx_word' id='word_1_76' title='bbox 527 1343 586 1411; x_wconf 85' lang='lat' dir='ltr'><strong>pro</strong></span> <span class='ocrx_word' id='word_1_77' title='bbox 608 1320 708 1407; x_wconf 78' lang='grc' dir='ltr'><strong><em>αὐτῷ.</em></strong></span> <span class='ocrx_word' id='word_1_78' title='bbox 753 1321 793 1387; x_wconf 87' lang='lat' dir='ltr'><strong>V.</strong></span> <span class='ocrx_word' id='word_1_79' title='bbox 817 1320 919 1388; x_wconf 75' lang='lat' dir='ltr'><strong>tirell.</strong></span> <span class='ocrx_word' id='word_1_80' title='bbox 941 1323 975 1386; x_wconf 91' lang='lat' dir='ltr'><strong>in</strong></span> <span class='ocrx_word' id='word_1_81' title='bbox 997 1321 1122 1407; x_wconf 84' lang='lat' dir='ltr'><strong>Spicel.</strong></span> <span class='ocrx_word' id='word_1_82' title='bbox 1145 1321 1191 1388; x_wconf 72' lang='lat' dir='ltr'><strong>bd</strong></span> 
     </span>
     <span class='ocr_line' id='line_1_13' title="bbox 85 1418 1196 1512; baseline -0.005 -16"><span class='ocrx_word' id='word_1_83' title='bbox 85 1428 208 1497; x_wconf 76' lang='lat' dir='ltr'><strong>ustor.</strong></span> <span class='ocrx_word' id='word_1_84' title='bbox 229 1428 282 1492; x_wconf 86' lang='lat' dir='ltr'><strong>ed.</strong></span> <span class='ocrx_word' id='word_1_85' title='bbox 306 1449 338 1512; x_wconf 95' lang='lat' dir='ltr'><strong>p.</strong></span> <span class='ocrx_word' id='word_1_86' title='bbox 358 1426 446 1491; x_wconf 71' lang='lat'><strong>121.</strong></span> <span class='ocrx_word' id='word_1_87' title='bbox 492 1425 530 1491; x_wconf 80' lang='lat' dir='ltr'><strong>C.</strong></span> <span class='ocrx_word' id='word_1_88' title='bbox 544 1425 670 1493; x_wconf 90' lang='lat' dir='ltr'><strong>XXXI.</strong></span> <span class='ocrx_word' id='word_1_89' title='bbox 691 1430 720 1490; x_wconf 83' lang='lat' dir='ltr'><strong>al</strong></span> <span class='ocrx_word' id='word_1_90' title='bbox 743 1422 859 1489; x_wconf 82' lang='grc' dir='ltr'><strong><em>ὀ-ιιαὶ</em></strong></span> <span class='ocrx_word' id='word_1_91' title='bbox 880 1418 930 1487; x_wconf 78' lang='grc' dir='ltr'><strong>ὅτι</strong></span> <span class='ocrx_word' id='word_1_92' title='bbox 950 1422 1196 1505; x_wconf 73' lang='grc' dir='ltr'><strong><em>οῖ-γενέσθαν</em></strong></span> 
     </span>
     <span class='ocr_line' id='line_1_14' title="bbox 85 1522 1190 1609; baseline -0.004 -15"><span class='ocrx_word' id='word_1_93' title='bbox 85 1526 291 1594; x_wconf 73' lang='grc' dir='ltr'><strong><em>ἀποθανεῖν.</em></strong></span> <span class='ocrx_word' id='word_1_94' title='bbox 335 1527 372 1593; x_wconf 79' lang='lat' dir='ltr'><strong>G.</strong></span> <span class='ocrx_word' id='word_1_95' title='bbox 396 1527 555 1593; x_wconf 90' lang='lat' dir='ltr'><strong>XXXIII.</strong></span> <span class='ocrx_word' id='word_1_96' title='bbox 576 1528 715 1609; x_wconf 80' lang='grc' dir='ltr'><strong><em>βασιλέα</em></strong></span> <span class='ocrx_word' id='word_1_97' title='bbox 734 1522 930 1608; x_wconf 77' lang='grc' dir='ltr'><strong><em>Ἀντίγονον.</em></strong></span> <span class='ocrx_word' id='word_1_98' title='bbox 973 1522 1011 1590; x_wconf 73' lang='lat' dir='ltr'><strong>G.</strong></span> <span class='ocrx_word' id='word_1_99' title='bbox 1029 1523 1190 1590; x_wconf 86' lang='lat' dir='ltr'><strong>XXXIV.</strong></span> 
     </span>
     <span class='ocr_line' id='line_1_15' title="bbox 86 1618 1188 1714; baseline -0.005 -20"><span class='ocrx_word' id='word_1_100' title='bbox 86 1652 129 1694; x_wconf 88' lang='grc' dir='ltr'><strong>σε</strong></span> <span class='ocrx_word' id='word_1_101' title='bbox 150 1630 215 1693; x_wconf 78' lang='grc' dir='ltr'><strong><em>ἔδει</em></strong></span> <span class='ocrx_word' id='word_1_102' title='bbox 236 1618 577 1714; x_wconf 72' lang='grc' dir='ltr'><strong><em>ὑπ’-μακαρισθέντι</em></strong></span> <span class='ocrx_word' id='word_1_103' title='bbox 600 1625 661 1690; x_wconf 82' lang='grc' dir='ltr'><strong>οὐκ</strong></span> <span class='ocrx_word' id='word_1_104' title='bbox 673 1665 705 1674; x_wconf 99' lang='grc'>-</span> <span class='ocrx_word' id='word_1_105' title='bbox 716 1631 901 1712; x_wconf 79' lang='grc' dir='ltr'><strong><em>μακαρίτου</em></strong></span> <span class='ocrx_word' id='word_1_106' title='bbox 919 1621 1005 1702; x_wconf 70' lang='lat' dir='ltr'><strong>clauc</strong></span> <span class='ocrx_word' id='word_1_107' title='bbox 1025 1649 1105 1713; x_wconf 87' lang='grc' dir='ltr'><strong><em>σου,</em></strong></span> <span class='ocrx_word' id='word_1_108' title='bbox 1127 1621 1188 1690; x_wconf 84' lang='grc' dir='ltr'><strong><em>ὅτι.</em></strong></span> 
     </span>
     <span class='ocr_line' id='line_1_16' title="bbox 89 1721 1192 1818; baseline 0 -26"><span class='ocrx_word' id='word_1_109' title='bbox 89 1726 269 1792; x_wconf 85' lang='lat' dir='ltr'><strong>XXXVII.</strong></span> <span class='ocrx_word' id='word_1_110' title='bbox 290 1752 352 1816; x_wconf 78' lang='lat' dir='ltr'><strong>noo</strong></span> <span class='ocrx_word' id='word_1_111' title='bbox 371 1725 588 1794; x_wconf 80' lang='grc' dir='ltr'><strong><em>Ἀπολλώνιον</em></strong></span> <span class='ocrx_word' id='word_1_112' title='bbox 608 1723 672 1818; x_wconf 80' lang='lat' dir='ltr'><strong>(al.</strong></span> <span class='ocrx_word' id='word_1_113' title='bbox 695 1728 754 1793; x_wconf 86' lang='lat' dir='ltr'><strong>im.</strong></span> <span class='ocrx_word' id='word_1_114' title='bbox 778 1728 811 1794; x_wconf 79' lang='lat' dir='ltr'><strong>Il.</strong></span> <span class='ocrx_word' id='word_1_115' title='bbox 832 1747 864 1795; x_wconf 89' lang='lat' dir='ltr'><strong>v.</strong></span> <span class='ocrx_word' id='word_1_116' title='bbox 885 1721 1192 1816; x_wconf 47' lang='lat' dir='ltr'><strong>interpunguntjm</strong></span> 
     </span>
     <span class='ocr_line' id='line_1_17' title="bbox 90 1825 786 1911; baseline -0.001 -19"><span class='ocrx_word' id='word_1_117' title='bbox 90 1850 157 1893; x_wconf 85' lang='grc' dir='ltr'><strong>σου</strong></span> <span class='ocrx_word' id='word_1_118' title='bbox 179 1825 419 1911; x_wconf 49' lang='grc' dir='ltr'><strong>υἱρῖκ-τοιαὺτῃ</strong></span> <span class='ocrx_word' id='word_1_119' title='bbox 442 1825 539 1910; x_wconf 77' lang='grc' dir='ltr'><strong><em>ὑμῶν.</em></strong></span> <span class='ocrx_word' id='word_1_120' title='bbox 652 1870 654 1875; x_wconf 54' lang='lat'><em>2</em></span> <span class='ocrx_word' id='word_1_121' title='bbox 782 1897 786 1903; x_wconf 57' lang='grc'><em>,</em></span> 
     </span>
    </p>

    <p class='ocr_par' dir='ltr' id='par_1_3' title="bbox 83 1927 1289 3322">
     <span class='ocr_line' id='line_1_18' title="bbox 83 1927 1192 2015; baseline -0.001 -22"><span class='ocrx_word' id='word_1_122' title='bbox 83 1962 90 1971; x_wconf 95' lang='grc'>-</span> <span class='ocrx_word' id='word_1_123' title='bbox 186 1928 274 1993; x_wconf 85' lang='lat' dir='ltr'><strong>Addi</strong></span> <span class='ocrx_word' id='word_1_124' title='bbox 295 1932 448 2014; x_wconf 83' lang='lat' dir='ltr'><strong>poterant</strong></span> <span class='ocrx_word' id='word_1_125' title='bbox 470 1928 522 1993; x_wconf 87' lang='lat' dir='ltr'><strong>his</strong></span> <span class='ocrx_word' id='word_1_126' title='bbox 545 1928 645 1995; x_wconf 82' lang='lat' dir='ltr'><strong>multa</strong></span> <span class='ocrx_word' id='word_1_127' title='bbox 666 1928 731 1995; x_wconf 84' lang='lat' dir='ltr'><strong>alia</strong></span> <span class='ocrx_word' id='word_1_128' title='bbox 751 1930 851 1996; x_wconf 88' lang='lat' dir='ltr'><strong>etiam</strong></span> <span class='ocrx_word' id='word_1_129' title='bbox 873 1927 973 2015; x_wconf 87' lang='lat' dir='ltr'><strong>vitia,</strong></span> <span class='ocrx_word' id='word_1_130' title='bbox 1012 1945 1096 2014; x_wconf 85' lang='lat' dir='ltr'><strong>quae</strong></span> <span class='ocrx_word' id='word_1_131' title='bbox 1117 1927 1192 2014; x_wconf 84' lang='lat' dir='ltr'><strong>qui·</strong></span> 
     </span>
     <span class='ocr_line' id='line_1_19' title="bbox 92 2027 1192 2115; baseline 0 -20"><span class='ocrx_word' id='word_1_132' title='bbox 92 2029 172 2096; x_wconf 82' lang='lat' dir='ltr'><strong>dem</strong></span> <span class='ocrx_word' id='word_1_133' title='bbox 201 2048 322 2114; x_wconf 87' lang='lat' dir='ltr'><strong>perse</strong></span> <span class='ocrx_word' id='word_1_134' title='bbox 351 2031 504 2095; x_wconf 84' lang='lat' dir='ltr'><strong>excusari</strong></span> <span class='ocrx_word' id='word_1_135' title='bbox 530 2036 690 2115; x_wconf 76' lang='lat' dir='ltr'>possunt,</span> <span class='ocrx_word' id='word_1_136' title='bbox 733 2030 796 2096; x_wconf 87' lang='lat' dir='ltr'><strong>aed</strong></span> <span class='ocrx_word' id='word_1_137' title='bbox 825 2030 856 2096; x_wconf 87' lang='lat' dir='ltr'><strong>si</strong></span> <span class='ocrx_word' id='word_1_138' title='bbox 885 2049 995 2096; x_wconf 89' lang='lat' dir='ltr'><strong>corum</strong></span> <span class='ocrx_word' id='word_1_139' title='bbox 1023 2027 1192 2095; x_wconf 79' lang='lat' dir='ltr'><strong>multituda</strong></span> 
     </span>
     <span class='ocr_line' id='line_1_20' title="bbox 92 2129 1192 2217; baseline 0.002 -23"><span class='ocrx_word' id='word_1_140' title='bbox 92 2133 191 2195; x_wconf 86' lang='lat' dir='ltr'><strong>tanta</strong></span> <span class='ocrx_word' id='word_1_141' title='bbox 211 2135 280 2206; x_wconf 82' lang='lat' dir='ltr'><strong>est,</strong></span> <span class='ocrx_word' id='word_1_142' title='bbox 302 2136 453 2214; x_wconf 85' lang='lat' dir='ltr'><strong>quantam</strong></span> <span class='ocrx_word' id='word_1_143' title='bbox 476 2151 547 2195; x_wconf 87' lang='lat' dir='ltr'><strong>eam</strong></span> <span class='ocrx_word' id='word_1_144' title='bbox 569 2132 602 2195; x_wconf 93' lang='lat' dir='ltr'><strong>iu</strong></span> <span class='ocrx_word' id='word_1_145' title='bbox 624 2131 686 2196; x_wconf 91' lang='lat' dir='ltr'><strong>hoc</strong></span> <span class='ocrx_word' id='word_1_146' title='bbox 707 2131 789 2197; x_wconf 92' lang='lat' dir='ltr'><strong>libro</strong></span> <span class='ocrx_word' id='word_1_147' title='bbox 811 2129 1087 2217; x_wconf 86' lang='lat' dir='ltr'><strong>deprehendimus</strong></span> <span class='ocrx_word' id='word_1_148' title='bbox 1093 2176 1104 2208; x_wconf 88' lang='lat'><em>‚</em></span> <span class='ocrx_word' id='word_1_149' title='bbox 1117 2149 1192 2196; x_wconf 84' lang='lat' dir='ltr'><strong>non</strong></span> 
     </span>
     <span class='ocr_line' id='line_1_21' title="bbox 94 2228 1191 2315; baseline 0.003 -22"><span class='ocrx_word' id='word_1_150' title='bbox 94 2228 204 2293; x_wconf 83' lang='lat' dir='ltr'><strong>minus</strong></span> <span class='ocrx_word' id='word_1_151' title='bbox 232 2228 409 2293; x_wconf 87' lang='lat' dir='ltr'><strong>ostendunt</strong></span> <span class='ocrx_word' id='word_1_152' title='bbox 421 2277 431 2315; x_wconf 87' lang='grc'>,</span> <span class='ocrx_word' id='word_1_153' title='bbox 473 2231 666 2314; x_wconf 74' lang='lat' dir='ltr'><strong>scriptorem</strong></span> <span class='ocrx_word' id='word_1_154' title='bbox 696 2231 729 2296; x_wconf 92' lang='lat' dir='ltr'><strong>in</strong></span> <span class='ocrx_word' id='word_1_155' title='bbox 760 2231 851 2297; x_wconf 89' lang='lat' dir='ltr'><strong>hiatu</strong></span> <span class='ocrx_word' id='word_1_156' title='bbox 872 2230 1029 2298; x_wconf 83' lang='lat' dir='ltr'><strong>evitando</strong></span> <span class='ocrx_word' id='word_1_157' title='bbox 1051 2230 1191 2296; x_wconf 87' lang='lat' dir='ltr'><strong>studium</strong></span> 
     </span>
     <span class='ocr_line' id='line_1_22' title="bbox 96 2327 1195 2418; baseline 0.001 -25"><span class='ocrx_word' id='word_1_158' title='bbox 96 2345 163 2393; x_wconf 83' lang='lat' dir='ltr'><strong>aon</strong></span> <span class='ocrx_word' id='word_1_159' title='bbox 179 2329 340 2412; x_wconf 80' lang='lat' dir='ltr'><strong>posuisse.</strong></span> <span class='ocrx_word' id='word_1_160' title='bbox 376 2327 415 2393; x_wconf 94' lang='lat' dir='ltr'><strong>ld</strong></span> <span class='ocrx_word' id='word_1_161' title='bbox 429 2330 534 2415; x_wconf 91' lang='lat' dir='ltr'><strong>ipsum</strong></span> <span class='ocrx_word' id='word_1_162' title='bbox 548 2336 656 2396; x_wconf 82' lang='lat' dir='ltr'><strong>autem</strong></span> <span class='ocrx_word' id='word_1_163' title='bbox 673 2331 708 2396; x_wconf 93' lang='lat' dir='ltr'><strong>in</strong></span> <span class='ocrx_word' id='word_1_164' title='bbox 723 2331 899 2396; x_wconf 80' lang='lat' dir='ltr'><strong>Plutarcho</strong></span> <span class='ocrx_word' id='word_1_165' title='bbox 924 2329 1023 2397; x_wconf 85' lang='lat' dir='ltr'><strong>valde</strong></span> <span class='ocrx_word' id='word_1_166' title='bbox 1039 2330 1195 2418; x_wconf 76' lang='lat' dir='ltr'><strong>offendet,</strong></span> 
     </span>
     <span class='ocr_line' id='line_1_23' title="bbox 97 2428 1194 2516; baseline 0.001 -24"><span class='ocrx_word' id='word_1_167' title='bbox 97 2445 195 2514; x_wconf 79' lang='lat' dir='ltr'><strong>quem</strong></span> <span class='ocrx_word' id='word_1_168' title='bbox 215 2428 357 2514; x_wconf 85' lang='lat' dir='ltr'><strong>alioquin</strong></span> <span class='ocrx_word' id='word_1_169' title='bbox 379 2431 463 2496; x_wconf 70' lang='lat' dir='ltr'><strong>satis</strong></span> <span class='ocrx_word' id='word_1_170' title='bbox 484 2431 659 2516; x_wconf 79' lang='lat' dir='ltr'><strong>dlligenter</strong></span> <span class='ocrx_word' id='word_1_171' title='bbox 679 2431 713 2495; x_wconf 90' lang='lat' dir='ltr'><strong>in</strong></span> <span class='ocrx_word' id='word_1_172' title='bbox 734 2431 795 2496; x_wconf 83' lang='lat' dir='ltr'><strong>hac</strong></span> <span class='ocrx_word' id='word_1_173' title='bbox 816 2436 1044 2495; x_wconf 85' lang='lat' dir='ltr'><strong>reversatum</strong></span> <span class='ocrx_word' id='word_1_174' title='bbox 1059 2447 1137 2494; x_wconf 87' lang='lat' dir='ltr'><strong>esse</strong></span> <span class='ocrx_word' id='word_1_175' title='bbox 1150 2447 1194 2494; x_wconf 82' lang='lat' dir='ltr'><strong>cx</strong></span> 
     </span>
     <span class='ocr_line' id='line_1_24' title="bbox 96 2528 1247 2616; baseline -0.001 -21"><span class='ocrx_word' id='word_1_176' title='bbox 96 2529 247 2614; x_wconf 71' lang='lat' dir='ltr'><strong>itaquae</strong></span> <span class='ocrx_word' id='word_1_177' title='bbox 269 2535 368 2616; x_wconf 83' lang='lat' dir='ltr'><strong>supra</strong></span> <span class='ocrx_word' id='word_1_178' title='bbox 390 2531 433 2596; x_wconf 87' lang='lat' dir='ltr'><strong>de</strong></span> <span class='ocrx_word' id='word_1_179' title='bbox 454 2531 531 2596; x_wconf 86' lang='lat' dir='ltr'><strong>aliis</strong></span> <span class='ocrx_word' id='word_1_180' title='bbox 560 2531 632 2614; x_wconf 85' lang='lat' dir='ltr'><strong>ejus</strong></span> <span class='ocrx_word' id='word_1_181' title='bbox 661 2531 795 2616; x_wconf 83' lang='lat' dir='ltr'><strong>seriptis</strong></span> <span class='ocrx_word' id='word_1_182' title='bbox 825 2528 1064 2615; x_wconf 65' lang='lat' dir='ltr'><strong>disputavimus</strong></span> <span class='ocrx_word' id='word_1_183' title='bbox 1087 2547 1195 2614; x_wconf 89' lang='lat' dir='ltr'><strong>appa-</strong></span> <span class='ocrx_word' id='word_1_184' title='bbox 1245 2591 1247 2594; x_wconf 9' lang='grc' dir='ltr'><em>Α</em></span> 
     </span>
     <span class='ocr_line' id='line_1_25' title="bbox 95 2628 1195 2717; baseline -0.002 -23"><span class='ocrx_word' id='word_1_185' title='bbox 95 2629 194 2695; x_wconf 79' lang='lat' dir='ltr'><strong>rehit.</strong></span> <span class='ocrx_word' id='word_1_186' title='bbox 238 2629 312 2695; x_wconf 87' lang='lat' dir='ltr'><strong>Huc</strong></span> <span class='ocrx_word' id='word_1_187' title='bbox 333 2630 463 2696; x_wconf 84' lang='lat' dir='ltr'><strong>accedit</strong></span> <span class='ocrx_word' id='word_1_188' title='bbox 493 2632 578 2717; x_wconf 87' lang='lat' dir='ltr'><strong>quod</strong></span> <span class='ocrx_word' id='word_1_189' title='bbox 606 2631 660 2697; x_wconf 93' lang='lat' dir='ltr'><strong>hic</strong></span> <span class='ocrx_word' id='word_1_190' title='bbox 690 2631 822 2697; x_wconf 86' lang='lat' dir='ltr'><strong>libera</strong></span> <span class='ocrx_word' id='word_1_191' title='bbox 851 2629 938 2695; x_wconf 90' lang='lat' dir='ltr'><strong>nullo</strong></span> <span class='ocrx_word' id='word_1_192' title='bbox 969 2635 1119 2695; x_wconf 82' lang='lat' dir='ltr'><strong>veterum</strong></span> <span class='ocrx_word' id='word_1_193' title='bbox 1140 2628 1195 2694; x_wconf 86' lang='lat' dir='ltr'><strong>di-</strong></span> 
     </span>
     <span class='ocr_line' id='line_1_26' title="bbox 97 2729 1194 2816; baseline 0 -20"><span class='ocrx_word' id='word_1_194' title='bbox 97 2739 192 2796; x_wconf 88' lang='lat' dir='ltr'><strong>serte</strong></span> <span class='ocrx_word' id='word_1_195' title='bbox 214 2738 480 2796; x_wconf 75' lang='lat' dir='ltr'><strong>commemoratur</strong></span> <span class='ocrx_word' id='word_1_196' title='bbox 511 2738 546 2797; x_wconf 88' lang='lat' dir='ltr'><strong>ct</strong></span> <span class='ocrx_word' id='word_1_197' title='bbox 572 2731 659 2816; x_wconf 82' lang='lat' dir='ltr'><strong>quad</strong></span> <span class='ocrx_word' id='word_1_198' title='bbox 690 2732 790 2796; x_wconf 86' lang='lat' dir='ltr'><strong>etiam</strong></span> <span class='ocrx_word' id='word_1_199' title='bbox 819 2729 1003 2797; x_wconf 80' lang='lat' dir='ltr'><strong>distributio</strong></span> <span class='ocrx_word' id='word_1_200' title='bbox 1036 2730 1194 2802; x_wconf 77' lang='lat' dir='ltr'><strong>materiae</strong></span> 
     </span>
     <span class='ocr_line' id='line_1_27' title="bbox 97 2829 1266 2918; baseline -0.001 -22"><span class='ocrx_word' id='word_1_201' title='bbox 97 2836 158 2896; x_wconf 85' lang='lat' dir='ltr'><strong>aut</strong></span> <span class='ocrx_word' id='word_1_202' title='bbox 179 2844 265 2914; x_wconf 83' lang='lat' dir='ltr'><strong>uaga</strong></span> <span class='ocrx_word' id='word_1_203' title='bbox 287 2838 344 2896; x_wconf 88' lang='lat' dir='ltr'><strong>aut</strong></span> <span class='ocrx_word' id='word_1_204' title='bbox 365 2831 453 2897; x_wconf 85' lang='lat' dir='ltr'><strong>nulla</strong></span> <span class='ocrx_word' id='word_1_205' title='bbox 474 2838 538 2896; x_wconf 84' lang='lat' dir='ltr'><strong>est.</strong></span> <span class='ocrx_word' id='word_1_206' title='bbox 595 2831 872 2917; x_wconf 85' lang='lat' dir='ltr'><strong>Wyttenbachius</strong></span> <span class='ocrx_word' id='word_1_207' title='bbox 892 2829 1022 2918; x_wconf 80' lang='lat' dir='ltr'><strong>quidem</strong></span> <span class='ocrx_word' id='word_1_208' title='bbox 1044 2830 1131 2896; x_wconf 85' lang='lat' dir='ltr'><strong>hunc</strong></span> <span class='ocrx_word' id='word_1_209' title='bbox 1150 2830 1195 2897; x_wconf 90' lang='lat' dir='ltr'><strong>li·</strong></span> <span class='ocrx_word' id='word_1_210' title='bbox 1262 2889 1266 2895; x_wconf 86' lang='lat'><strong>.</strong></span> 
     </span>
     <span class='ocr_line' id='line_1_28' title="bbox 97 2929 1193 3016; baseline 0.002 -22"><span class='ocrx_word' id='word_1_211' title='bbox 97 2929 191 2995; x_wconf 88' lang='lat' dir='ltr'><strong>hrum</strong></span> <span class='ocrx_word' id='word_1_212' title='bbox 209 2931 345 3012; x_wconf 84' lang='lat' dir='ltr'><strong>juvenis</strong></span> <span class='ocrx_word' id='word_1_213' title='bbox 366 2932 533 2998; x_wconf 72' lang='lat' dir='ltr'><strong>Plutarchi</strong></span> <span class='ocrx_word' id='word_1_214' title='bbox 551 2950 632 2998; x_wconf 84' lang='lat' dir='ltr'><strong>csso</strong></span> <span class='ocrx_word' id='word_1_215' title='bbox 654 2938 769 2998; x_wconf 85' lang='lat' dir='ltr'><strong>censet</strong></span> <span class='ocrx_word' id='word_1_216' title='bbox 789 2937 925 3016; x_wconf 89' lang='lat' dir='ltr'><strong>propter</strong></span> <span class='ocrx_word' id='word_1_217' title='bbox 949 2930 1103 2996; x_wconf 87' lang='lat' dir='ltr'><strong>lectionis</strong></span> <span class='ocrx_word' id='word_1_218' title='bbox 1132 2949 1193 2996; x_wconf 87' lang='lat' dir='ltr'><strong>co·</strong></span> 
     </span>
     <span class='ocr_line' id='line_1_29' title="bbox 98 3031 1196 3117; baseline 0 -21"><span class='ocrx_word' id='word_1_219' title='bbox 98 3031 188 3116; x_wconf 87' lang='lat' dir='ltr'><strong>piam</strong></span> <span class='ocrx_word' id='word_1_220' title='bbox 208 3034 242 3096; x_wconf 90' lang='lat' dir='ltr'><strong>in</strong></span> <span class='ocrx_word' id='word_1_221' title='bbox 264 3033 421 3097; x_wconf 89' lang='lat' dir='ltr'><strong>orationis</strong></span> <span class='ocrx_word' id='word_1_222' title='bbox 451 3034 553 3098; x_wconf 84' lang='lat' dir='ltr'><strong>forma</strong></span> <span class='ocrx_word' id='word_1_223' title='bbox 580 3032 623 3097; x_wconf 87' lang='lat' dir='ltr'><strong>ad</strong></span> <span class='ocrx_word' id='word_1_224' title='bbox 653 3032 809 3116; x_wconf 87' lang='lat' dir='ltr'><strong>tragicam</strong></span> <span class='ocrx_word' id='word_1_225' title='bbox 835 3031 1035 3117; x_wconf 81' lang='lat' dir='ltr'><strong>gravitatem</strong></span> <span class='ocrx_word' id='word_1_226' title='bbox 1064 3031 1196 3097; x_wconf 83' lang='lat' dir='ltr'><strong>consor·</strong></span> 
     </span>
     <span class='ocr_line' id='line_1_30' title="bbox 96 3130 1289 3223; baseline 0.004 -24"><span class='ocrx_word' id='word_1_227' title='bbox 96 3137 209 3199; x_wconf 87' lang='lat' dir='ltr'><strong>matae</strong></span> <span class='ocrx_word' id='word_1_228' title='bbox 238 3131 407 3216; x_wconf 85' lang='lat' dir='ltr'><strong>prodentis</strong></span> <span class='ocrx_word' id='word_1_229' title='bbox 432 3133 679 3199; x_wconf 87' lang='lat' dir='ltr'><strong>redundantiam</strong></span> <span class='ocrx_word' id='word_1_230' title='bbox 704 3132 894 3216; x_wconf 87' lang='lat' dir='ltr'><strong>juvenilem.</strong></span> <span class='ocrx_word' id='word_1_231' title='bbox 951 3131 998 3197; x_wconf 84' lang='lat' dir='ltr'><strong>At</strong></span> <span class='ocrx_word' id='word_1_232' title='bbox 1026 3130 1103 3198; x_wconf 87' lang='lat' dir='ltr'><strong>inde</strong></span> <span class='ocrx_word' id='word_1_233' title='bbox 1129 3137 1208 3204; x_wconf 76' lang='lat' dir='ltr'><strong>hon</strong></span> <span class='ocrx_word' id='word_1_234' title='bbox 1281 3209 1289 3223; x_wconf 70' lang='lat'><strong>.</strong></span> 
     </span>
     <span class='ocr_line' id='line_1_31' title="bbox 97 3231 1258 3322; baseline 0.006 -26"><span class='ocrx_word' id='word_1_235' title='bbox 97 3231 266 3297; x_wconf 87' lang='lat' dir='ltr'><strong>silentium</strong></span> <span class='ocrx_word' id='word_1_236' title='bbox 288 3240 437 3300; x_wconf 88' lang='lat' dir='ltr'><strong>veterum</strong></span> <span class='ocrx_word' id='word_1_237' title='bbox 458 3236 500 3302; x_wconf 91' lang='lat' dir='ltr'><strong>de</strong></span> <span class='ocrx_word' id='word_1_238' title='bbox 522 3236 584 3300; x_wconf 91' lang='lat' dir='ltr'><strong>hoc</strong></span> <span class='ocrx_word' id='word_1_239' title='bbox 604 3235 685 3301; x_wconf 91' lang='lat' dir='ltr'><strong>libro</strong></span> <span class='ocrx_word' id='word_1_240' title='bbox 716 3234 918 3320; x_wconf 78' lang='lat' dir='ltr'><strong>explicatur,</strong></span> <span class='ocrx_word' id='word_1_241' title='bbox 960 3253 1067 3322; x_wconf 83' lang='lat' dir='ltr'><strong>neque</strong></span> <span class='ocrx_word' id='word_1_242' title='bbox 1096 3235 1195 3302; x_wconf 81' lang='lat' dir='ltr'><strong>video</strong></span> <span class='ocrx_word' id='word_1_243' title='bbox 1255 3314 1258 3319; x_wconf 24' lang='lat'>·</span> 
     </span>
    </p>

    <p class='ocr_par' dir='ltr' id='par_1_4' title="bbox 95 3334 1229 4125">
     <span class='ocr_line' id='line_1_32' title="bbox 99 3334 1195 3420; baseline 0.004 -22"><span class='ocrx_word' id='word_1_244' title='bbox 99 3351 234 3399; x_wconf 60' lang='lat' dir='ltr'><strong>censam</strong></span> <span class='ocrx_word' id='word_1_245' title='bbox 257 3353 314 3400; x_wconf 90' lang='lat' dir='ltr'><strong>cnr</strong></span> <span class='ocrx_word' id='word_1_246' title='bbox 335 3337 449 3400; x_wconf 88' lang='lat' dir='ltr'><strong>librum</strong></span> <span class='ocrx_word' id='word_1_247' title='bbox 471 3335 514 3402; x_wconf 86' lang='lat' dir='ltr'><strong>dc</strong></span> <span class='ocrx_word' id='word_1_248' title='bbox 535 3335 713 3403; x_wconf 81' lang='lat' dir='ltr'><strong>educandis</strong></span> <span class='ocrx_word' id='word_1_249' title='bbox 732 3335 846 3402; x_wconf 79' lang='lat' dir='ltr'><strong>liberta</strong></span> <span class='ocrx_word' id='word_1_250' title='bbox 867 3334 1043 3402; x_wconf 78' lang='lat' dir='ltr'><strong>Plutarcho</strong></span> <span class='ocrx_word' id='word_1_251' title='bbox 1065 3335 1195 3420; x_wconf 87' lang='lat' dir='ltr'><strong>abjudi-</strong></span> 
     </span>
     <span class='ocr_line' id='line_1_33' title="bbox 96 3433 1197 3521; baseline 0.001 -20"><span class='ocrx_word' id='word_1_252' title='bbox 96 3451 220 3510; x_wconf 79' lang='lat' dir='ltr'><strong>oemun,</strong></span> <span class='ocrx_word' id='word_1_253' title='bbox 239 3435 274 3521; x_wconf 85' lang='lat' dir='ltr'><strong>si</strong></span> <span class='ocrx_word' id='word_1_254' title='bbox 290 3435 374 3501; x_wconf 83' lang='lat' dir='ltr'><strong>hunc</strong></span> <span class='ocrx_word' id='word_1_255' title='bbox 388 3455 447 3521; x_wconf 90' lang='lat' dir='ltr'><strong>pro</strong></span> <span class='ocrx_word' id='word_1_256' title='bbox 459 3435 655 3503; x_wconf 81' lang='lat' dir='ltr'><strong>Plutarcheo</strong></span> <span class='ocrx_word' id='word_1_257' title='bbox 668 3435 834 3519; x_wconf 83' lang='lat' dir='ltr'><strong>habemus.</strong></span> <span class='ocrx_word' id='word_1_258' title='bbox 876 3433 974 3518; x_wconf 78' lang='lat' dir='ltr'><strong>Quod</strong></span> <span class='ocrx_word' id='word_1_259' title='bbox 989 3438 1076 3503; x_wconf 89' lang='lat' dir='ltr'><strong>enim</strong></span> <span class='ocrx_word' id='word_1_260' title='bbox 1096 3438 1131 3503; x_wconf 89' lang='lat' dir='ltr'><strong>in</strong></span> <span class='ocrx_word' id='word_1_261' title='bbox 1152 3437 1197 3502; x_wconf 86' lang='lat' dir='ltr'><strong>il-</strong></span> 
     </span>
     <span class='ocr_line' id='line_1_34' title="bbox 95 3533 1229 3624; baseline 0.009 -27"><span class='ocrx_word' id='word_1_262' title='bbox 95 3533 174 3611; x_wconf 87' lang='lat' dir='ltr'><strong>lum,</strong></span> <span class='ocrx_word' id='word_1_263' title='bbox 196 3535 282 3606; x_wconf 83' lang='lat' dir='ltr'><strong>idem</strong></span> <span class='ocrx_word' id='word_1_264' title='bbox 303 3536 393 3601; x_wconf 79' lang='lat' dir='ltr'><strong>cadit</strong></span> <span class='ocrx_word' id='word_1_265' title='bbox 412 3536 448 3601; x_wconf 90' lang='lat' dir='ltr'><strong>in</strong></span> <span class='ocrx_word' id='word_1_266' title='bbox 470 3536 563 3602; x_wconf 81' lang='lat' dir='ltr'><strong>hunc.</strong></span> <span class='ocrx_word' id='word_1_267' title='bbox 607 3539 725 3624; x_wconf 89' lang='lat' dir='ltr'><strong>Neque</strong></span> <span class='ocrx_word' id='word_1_268' title='bbox 747 3557 809 3622; x_wconf 79' lang='lat' dir='ltr'><strong>ego</strong></span> <span class='ocrx_word' id='word_1_269' title='bbox 832 3538 1025 3605; x_wconf 77' lang='lat' dir='ltr'><strong>crediderIm</strong></span> <span class='ocrx_word' id='word_1_270' title='bbox 1037 3539 1194 3621; x_wconf 83' lang='lat' dir='ltr'><strong>juvenem</strong></span> <span class='ocrx_word' id='word_1_271' title='bbox 1225 3533 1229 3538; x_wconf 75' lang='grc'><strong>’</strong></span> 
     </span>
     <span class='ocr_line' id='line_1_35' title="bbox 97 3632 1197 3725; baseline 0.005 -28"><span class='ocrx_word' id='word_1_272' title='bbox 97 3632 308 3700; x_wconf 83' lang='lat' dir='ltr'><strong>Plutarchum</strong></span> <span class='ocrx_word' id='word_1_273' title='bbox 331 3657 396 3702; x_wconf 92' lang='lat' dir='ltr'><strong>non</strong></span> <span class='ocrx_word' id='word_1_274' title='bbox 417 3637 458 3702; x_wconf 86' lang='lat' dir='ltr'><strong>ad</strong></span> <span class='ocrx_word' id='word_1_275' title='bbox 481 3637 604 3702; x_wconf 89' lang='lat' dir='ltr'><strong>hiatum</strong></span> <span class='ocrx_word' id='word_1_276' title='bbox 624 3635 830 3724; x_wconf 83' lang='lat' dir='ltr'><strong>adtendisse,</strong></span> <span class='ocrx_word' id='word_1_277' title='bbox 852 3640 971 3725; x_wconf 85' lang='lat' dir='ltr'><strong>quippe</strong></span> <span class='ocrx_word' id='word_1_278' title='bbox 984 3638 1037 3723; x_wconf 86' lang='lat' dir='ltr'><strong>qui</strong></span> <span class='ocrx_word' id='word_1_279' title='bbox 1052 3643 1086 3702; x_wconf 87' lang='lat' dir='ltr'><strong>iu</strong></span> <span class='ocrx_word' id='word_1_280' title='bbox 1100 3637 1197 3703; x_wconf 86' lang='lat' dir='ltr'><strong>scho-</strong></span> 
     </span>
     <span class='ocr_line' id='line_1_36' title="bbox 101 3733 1200 3824; baseline 0.005 -28"><span class='ocrx_word' id='word_1_281' title='bbox 101 3733 146 3798; x_wconf 88' lang='lat' dir='ltr'><strong>lia</strong></span> <span class='ocrx_word' id='word_1_282' title='bbox 174 3754 239 3799; x_wconf 93' lang='lat' dir='ltr'><strong>non</strong></span> <span class='ocrx_word' id='word_1_283' title='bbox 268 3737 371 3802; x_wconf 83' lang='lat' dir='ltr'><strong>solum</strong></span> <span class='ocrx_word' id='word_1_284' title='bbox 402 3737 685 3824; x_wconf 84' lang='lat' dir='ltr'><strong>philosophorum,</strong></span> <span class='ocrx_word' id='word_1_285' title='bbox 727 3737 792 3803; x_wconf 84' lang='lat' dir='ltr'><strong>sed</strong></span> <span class='ocrx_word' id='word_1_286' title='bbox 822 3740 923 3807; x_wconf 85' lang='lat' dir='ltr'><strong>etiarn</strong></span> <span class='ocrx_word' id='word_1_287' title='bbox 965 3738 1130 3804; x_wconf 76' lang='lat' dir='ltr'><strong>rhetorum</strong></span> <span class='ocrx_word' id='word_1_288' title='bbox 1164 3736 1200 3802; x_wconf 88' lang='lat' dir='ltr'><strong>id</strong></span> 
     </span>
     <span class='ocr_line' id='line_1_37' title="bbox 100 3836 1202 3920; baseline 0.004 -21"><span class='ocrx_word' id='word_1_289' title='bbox 100 3836 210 3920; x_wconf 87' lang='lat' dir='ltr'><strong>ipsum</strong></span> <span class='ocrx_word' id='word_1_290' title='bbox 233 3837 390 3904; x_wconf 84' lang='lat' dir='ltr'><strong>didicisse</strong></span> <span class='ocrx_word' id='word_1_291' title='bbox 413 3839 563 3904; x_wconf 89' lang='lat' dir='ltr'><strong>videatur</strong></span> <span class='ocrx_word' id='word_1_292' title='bbox 582 3836 617 3902; x_wconf 91' lang='lat' dir='ltr'><strong>in</strong></span> <span class='ocrx_word' id='word_1_293' title='bbox 636 3837 809 3906; x_wconf 80' lang='lat' dir='ltr'><strong>scribendo</strong></span> <span class='ocrx_word' id='word_1_294' title='bbox 837 3838 997 3906; x_wconf 79' lang='lat' dir='ltr'><strong>vocalium</strong></span> <span class='ocrx_word' id='word_1_295' title='bbox 1008 3856 1202 3904; x_wconf 84' lang='lat' dir='ltr'><strong>concursum</strong></span> 
     </span>
     <span class='ocr_line' id='line_1_38' title="bbox 102 3937 1201 4025; baseline 0.004 -23"><span class='ocrx_word' id='word_1_296' title='bbox 102 3937 243 4003; x_wconf 83' lang='lat' dir='ltr'><strong>evitare.</strong></span> <span class='ocrx_word' id='word_1_297' title='bbox 290 3939 392 4005; x_wconf 84' lang='lat' dir='ltr'><strong>hlulto</strong></span> <span class='ocrx_word' id='word_1_298' title='bbox 415 3938 611 4025; x_wconf 87' lang='lat' dir='ltr'><strong>probabilius</strong></span> <span class='ocrx_word' id='word_1_299' title='bbox 631 3945 686 4004; x_wconf 85' lang='lat' dir='ltr'><strong>est</strong></span> <span class='ocrx_word' id='word_1_300' title='bbox 706 3939 748 4006; x_wconf 91' lang='lat' dir='ltr'><strong>ab</strong></span> <span class='ocrx_word' id='word_1_301' title='bbox 769 3940 833 4006; x_wconf 90' lang='lat' dir='ltr'><strong>alio</strong></span> <span class='ocrx_word' id='word_1_302' title='bbox 854 3940 992 4025; x_wconf 82' lang='lat' dir='ltr'><strong>qrrcdam</strong></span> <span class='ocrx_word' id='word_1_303' title='bbox 1019 3937 1061 4004; x_wconf 89' lang='lat' dir='ltr'><strong>ad</strong></span> <span class='ocrx_word' id='word_1_304' title='bbox 1082 3955 1201 4006; x_wconf 82' lang='lat' dir='ltr'><strong>exem-</strong></span> 
     </span>
     <span class='ocr_line' id='line_1_39' title="bbox 105 4037 1202 4125; baseline 0.004 -23"><span class='ocrx_word' id='word_1_305' title='bbox 105 4038 204 4124; x_wconf 82' lang='lat' dir='ltr'><strong>plnm‚</strong></span> <span class='ocrx_word' id='word_1_306' title='bbox 219 4039 535 4107; x_wconf 79' lang='lat' dir='ltr'><strong>consolationis</strong></span> <span class='ocrx_word' id='word_1_307' title='bbox 555 4038 605 4106; x_wconf 91' lang='lat' dir='ltr'><strong>ad</strong></span> <span class='ocrx_word' id='word_1_308' title='bbox 634 4056 792 4108; x_wconf 85' lang='lat' dir='ltr'><strong>uxorem</strong></span> <span class='ocrx_word' id='word_1_309' title='bbox 808 4037 1105 4125; x_wconf 84' lang='lat' dir='ltr'><strong>quamPlutarchus</strong></span> <span class='ocrx_word' id='word_1_310' title='bbox 1119 4042 1202 4106; x_wconf 84' lang='lat' dir='ltr'><strong>scri-</strong></span> 
     </span>
    </p>
   </div>
   <div class='ocr_carea' id='block_1_3' title="bbox 0 0 1310 4514">
    <p class='ocr_par' dir='ltr' id='par_1_5' title="bbox 0 0 1310 4514">
     <span class='ocr_line' id='line_1_40' title="bbox 0 0 1310 4514; baseline 0 0"><span class='ocrx_word' id='word_1_311' title='bbox 0 0 1310 4514; x_wconf 95' lang='lat' dir='ltr'><strong> </strong></span> 
     </span>
    </p>
   </div>
  </div>
 </body>
</html>
