2580 4514
468 191 744 283 φφ..

53 363 114 443 μὲν
133 357 220 425 εἶναι
241 353 434 436 ἀληθῆ-τὸν
455 354 555 441 λόγον
577 359 695 424 τοῦτον
716 355 867 441 ἡγοῦμοιι.
910 360 975 427 Ηίο
997 360 1081 429 enim
1103 365 1145 431 εἶ-

54 484 113 527 ναι
135 460 178 525 ali
199 458 345 526 omnihus
366 457 436 525 iere
457 457 549 526 codd.
566 458 680 525 Reish.
700 458 856 526 etBekk.
878 457 1148 555 (monor.)
1185 550 1187 554 μ

55 561 361 646 οιιιίλλίῐιιι,,οονοο
383 565 461 626 ante
483 559 653 625 Reiskium
673 560 862 646 legebatur,
899 560 949 628 ciel
977 562 1085 631 autem
1109 567 1147 635 in

56 661 156 728 codd.
179 661 264 745 Augu
280 661 305 725 l.
322 659 363 726 ΙΙ.
386 658 495 725 K.'et
515 682 543 726 s.
565 661 660 727 abest
682 665 817 748 ejusque
838 663 910 729 loco
931 650 1033 731 iidem
1050 665 1145 732 codd.
1192 651 1194 655 ⁸

56 763 221 849 praebent
241 760 323 827 εἶναι
344 766 421 828 ante
442 762 510 843 μὲν,
531 752 629 848 idque
650 783 769 829 revera
790 758 1051 832 allemosthene
1067 786 1147 852 pro-

55 865 178 930 iectum
199 881 277 930 csse
297 881 429 928 censeo.
462 861 709 931 Demosthenes
730 865 814 930 enim
836 864 898 930 hoc
919 866 1148 933 estdioturus:
1211 850 1217 861 ⁸

56 985 137 1036 esse
153 964 281 1052 quidem
299 983 411 1030 veram
427 963 510 1030 hanc
527 961 663 1031 Solonis
684 966 904 1032 sententiamr¹
922 967 1026 1045 „deos
1044 967 1165 1034 Athe--

23 1061 30 1068 ’
54 1087 120 1136 nas
140 1065 300 1133 servare“
321 1085 360 1132 se
384 1070 499 1152 putare
513 1072 548 1130 et
564 1066 661 1155 velle⁷
682 1067 786 1152 ipsam
799 1068 1003 1134 autemhanc
1017 1057 1150 1136 eausam
1225 1138 1228 1144 λ
1258 1138 1262 1156 .

54 1167 438 1258 qumammodourotare
455 1165 598 1244 Deorum
620 1166 882 1233 benevolentiam
903 1186 942 1232 se
965 1169 1148 1235 nonninus

56 1277 186 1357 putare.
212 1266 303 1354 Ergo
319 1288 382 1336 non
396 1266 446 1334 νἰεὶ
460 1275 495 1334 et
509 1269 579 1354 νῦν,
602 1267 661 1334 sed
678 1267 785 1352 opinio
799 1272 833 1332 et
848 1268 936 1352 optio
952 1270 1148 1336 sententiam

56 1389 137 1438 esse
158 1387 271 1437 veram
286 1377 320 1437 et
339 1390 411 1452 res,
434 1389 517 1458 quae
541 1368 737 1434 sententiam
758 1387 871 1434 veram
890 1386 968 1434 esse
988 1371 1150 1456 probavit,

56 1472 121 1538 sihi
143 1471 354 1558 respondent.
373 1470 485 1554 Quam
498 1470 593 1537 facile
606 1478 713 1535 autem
729 1466 780 1534 ἀεὶ
795 1470 895 1534 inseri
906 1470 1059 1555 potuerit,
1083 1490 1148 1538 non

56 1579 113 1638 est
127 1570 213 1659 quod
225 1571 406 1652 ostendam,
429 1591 491 1658 quo
512 1574 636 1638 inserto
657 1570 740 1636 εἶναι
762 1573 815 1634 est
836 1569 997 1636 omissum.
1039 1573 1151 1640 Inter»
1226 1624 1227 1627 ι

56 1680 294 1761 pretamentom
308 1675 421 1740 inesse
434 1669 527 1753 dae,
549 1668 639 1739 266.
653 1674 687 1738 in
706 1671 835 1738 verbis:
858 1667 917 1747 τὰς
937 1668 1044 1747 πόλεις
1064 1669 1149 1739 ἁπά-

56 1797 121 1850 σας
141 1772 385 1840 ἀπολωλέκεσαν
406 1797 464 1850 τας
485 1779 519 1838 ἐν
539 1776 580 1858 τῇ
597 1774 784 1857 Χαλκιδικῇ
805 1775 838 1836 οἱ
858 1768 1061 1858 προδιδόντες
1075 1776 1149 1860 opi-

56 1875 129 1942 nati
154 1881 232 1941 sont
258 1873 471 1940 Marklandus
502 1881 540 1942 et
568 1875 757 1960 Taylorus,
801 1879 893 1938 recte
929 1871 1150 1943 dissentiente

55 1975 258 2067 Scheeiero,
288 1975 476 2061 quitamen
497 1976 531 2041 in
553 1995 593 2042 eo
614 1978 755 2066 erravit,
785 1973 871 2061 quod
894 1978 927 2045 οἱ
947 1973 1150 2060 προδιδόντες

57 2067 276 2144 tantummodo
290 2075 341 2144 de
362 2076 523 2162 corruptis
542 2076 723 2142 hominibus
744 2075 829 2158 istis,
853 2074 895 2141 de
917 2075 1031 2160 quihus
1049 2092 1150 2164 supra

58 2182 242 2267 oratorxest
263 2176 407 2259 loeutus,
428 2177 601 2247 intellexit.
645 2175 807 2264 Equidem
828 2177 938 2262 potius
960 2197 1031 2244 cum
1053 2179 1149 2246 codd.

59 2275 166 2344 ΣΚε.
181 2277 324 2364 fecerim,
347 2278 401 2364 qui
413 2278 582 2346 articulum
604 2283 637 2344 ol
659 2280 809 2344 omittunt
823 2283 858 2343 et
869 2277 1072 2363 apodicticae
1084 2298 1150 2346 ex-

59 2379 231 2467 plicuerim]
246 2398 307 2464 per
327 2379 605 2461 „tradentes.“
648 2372 739 2445 Nam¹
756 2379 935 2462 subjectum
957 2379 1000 2445 ad
1021 2377 1149 2446 νἰπολοι-

59 2483 196 2547 λέκεσαν
216 2499 328 2546 omnes
350 2487 426 2546 sunt
448 2479 612 2567 Olynthii,
643 2480 697 2566 qui
718 2479 868 2545 dicuntur
888 2481 1016 2560 χιλίους
1035 2488 1150 2560 ἱππέας

57 2587 268 2664 κεκτημένοι,
311 2582 438 2658 πλείους
472 2581 570 2659 ὄντες
595 2578 620 2660 ἢ
649 2578 758 2668 μύριοι
785 2586 820 2646 et
848 2599 932 2667 quae
960 2588 1147 2668 sequnntur.
1177 2572 1180 2577 ’

59 2683 147 2749 Nom
168 2701 288 2748 censes
306 2681 371 2747 hos
393 2702 506 2748 omnes
527 2683 711 2769 proditores
733 2673 864 2747 fuisse?
888 2680 1065 2748 tradidisse
1087 2703 1148 2750 aas

60 2791 128 2850 tem
148 2784 246 2851 urbes
267 2801 380 2850 omnes
402 2785 434 2849 in
456 2789 546 2850 terra
569 2781 757 2849 Chalcidica
779 2789 869 2848 recte
891 2782 1061 2866 dicuntur,
1087 2803 1149 2850 ne·

58 2902 123 2972 que
145 2884 316 2972 Philippus
337 2885 516 2952 sufficiebat
548 2884 646 2950 urbes
674 2883 889 2949 tradentibus.
932 2882 1056 2952 Vertes
1084 2884 1149 2970 igi*

58 2993 128 3052 tur:
166 2987 216 3052 sie
238 2981 350 3052 hatten
372 2986 436 3053 alle
456 2984 578 3052 stadie
599 2985 633 3050 in
656 2981 842 3050 Chalcidice
864 2975 964 3050 durch
987 2979 1150 3074 (ireiwil-

59 3082 150 3176 lige)
167 3088 360 3171 Uebergahe
374 3087 536 3154 verloren.
583 3087 763 3152 Pronomen
776 3080 849 3149 ὅσοι
861 3084 1039 3151 deleverim
1056 3082 1151 3174 433,

60 3187 153 3256 287.
169 3189 201 3254 in
215 3188 342 3255 verbisz
363 3185 481 3264 πάντες
501 3184 573 3254 ὅσοι
595 3192 628 3252 οἱ
649 3189 719 3272 περὶ
739 3188 887 3270 πορνείας
910 3182 1071 3270 ἐρῥύησοιν
1093 3185 1148 3252 λό-

59 3314 122 3374 γοι.
177 3287 344 3357 Omittitnr
364 3290 450 3356 enim
472 3285 545 3355 ὅσοι
569 3289 609 3355 ab
633 3289 742 3374 optim.
764 3285 858 3352 codd.
883 3289 968 3370 Aug.
997 3286 1023 3352 l.
1051 3288 1149 3354 Lind.
1272 3298 1277 3305 “

59 3391 132 3463 Ital
150 3386 330 3479 arms..
345 3391 379 3455 in
401 3389 475 3455 aliis
498 3394 531 3454 ol
553 3389 648 3455 deest
670 3388 716 3453 uti
738 3390 778 3456 in'
794 3387 865 3452 cod.
889 3387 917 3451 ὃ.
941 3388 1039 3474 Tayl.
1063 3389 1148 3456 Ba'v.

61 3488 158 3585 (ὅσοι
180 3491 435 3578 superscriptum
457 3496 511 3556 est
531 3495 566 3556 ut
586 3490 679 3556 varia
693 3483 813 3576 lectio]
828 3487 924 3553 nor.
974 3488 1057 3554 ltem
1070 3509 1149 3574 pro·
1201 3568 1205 3587 ἱ

58 3610 177 3661 οοιιιοιι
199 3592 372 3678 personale
393 3587 435 3656 σὺ
456 3588 550 3674 435,
565 3587 654 3656 294.
677 3594 756 3656 ante
778 3592 897 3671 ἔκρινες
922 3596 1046 3655 auctor.
1064 3591 1149 3677 Aug.

59 3695 86 3761 l.
101 3691 153 3761 K.
165 3713 192 3758 s.
213 3693 338 3759 delebis
350 3692 510 3778 probante
524 3690 718 3758 Schaeiero.
761 3691 848 3755 Nam
869 3711 933 3757 non
955 3692 987 3756 in
1010 3693 1147 3777 eo‚.qui‚

59 3793 120 3862 scd
140 3795 174 3860 in
196 3813 251 3877 re,
278 3813 373 3880 quam
395 3793 585 3860 Aeschines
606 3790 648 3856 ad
665 3790 796 3876 judices
818 3789 949 3880 detulit,
984 3791 1148 3878 oppositio

58 3903 121 3963 est.
164 3895 241 3964 Alia
262 3894 422 3962 medicina
444 3900 559 3980 parata
580 3899 633 3959 est
654 3889 754 3979 449,
777 3889 870 3956 ees·
889 3893 1018 3959 verbis:
1045 3888 1088 3966 ὡς
1109 3884 1149 3954 ori

57 3995 100 4063 σὸ
120 4004 226 4073 αἴτιος
246 3996 361 4078 δεῖξον.
406 3995 456 4063 lbi
478 3996 561 4062 eninr
583 3995 682 4078 vulgo
704 3999 784 4060 ante
805 3993 921 4059 Reish.
942 3998 976 4056 et
997 3992 1030 4057 in
1052 3988 1147 4056 codd.

58 4096 195 4164 Fortuv.
216 4106 308 4164 reete
329 4099 495 4172 συναίτιος
515 4095 632 4179 legitur
654 4113 713 4179 pro
736 4100 851 4168 αἴτιος.
903 4092 1148 4159 Demosthenes

229 4212 233 4221 ,
901 4195 943 4255 7,
1119 4217 1121 4223 ¹
