2580 4514
442 126 837 237 ¹-1rr-

158 349 225 430 ξαν.
256 344 327 435 25,
358 342 419 410 14.
448 341 532 427 αὐτῇ
559 338 703 428 ὑπάρχει.
733 338 805 419 25,
840 338 902 405 15.
934 340 1027 406 δοκεῖ
1051 337 1151 409 οὕτω.
1180 325 1237 433 dii,

157 450 219 514 23.
239 445 303 533 χρὴ
314 443 447 532 εἰρήνην.
471 442 533 509 27.
556 446 624 526 ἰδίᾳ
644 440 778 527 εἰρήνην.
803 439 866 530 27,
888 439 949 506 33.
972 444 1172 530 πεμφθῆναι
1191 448 1239 521 ele

157 552 229 616 llac
252 548 381 636 quidem
402 548 434 612 iu
458 547 603 611 oratioue
626 564 733 610 curam
757 544 854 609 etiem
869 550 904 607 et
920 542 1068 617 ¹'studium
1083 544 1238 631 qoodden

156 653 304 739 reperies
338 651 447 715 hiatus
475 647 630 714 evitandi.
681 647 727 710 At
755 645 913 728 ejusmodi
941 643 1114 730 diligentia
1140 664 1240 732 oeque

156 762 229 820 erat
251 752 377 818 omniuo
407 768 515 815 eorum
545 753 739 832 temporum,
780 746 895 830 quihus
921 744 1114 812 Andocides
1148 746 1240 832 viriq·

157 874 262 940 neque
286 851 466 918 Andocidis
487 848 607 933 ipsius,
651 847 683 912 id
711 846 796 933 quod
825 866 867 911 ex
890 847 962 930 ejus
982 847 1186 913 orationibus
1204 845 1241 913 de

156 956 320 1042 mysteriis
351 960 385 1018 et
408 951 449 1015 de
471 948 575 1014 reditu
599 948 719 1013 habitis
748 947 946 1033 perspicies,
980 964 1065 1034 quae
1090 966 1159 1015 non
1185 947 1240 1013 rni-

155 1078 216 1123 nus
246 1057 371 1143 publice
401 1057 476 1117 sunt
508 1050 638 1115 habitae
668 1056 702 1115 et
730 1050 762 1113 iu
798 1049 937 1134 publicis
967 1048 1102 1127 censis,
1149 1068 1240 1136 quan

159 1159 241 1224 haec
262 1157 304 1224 de
326 1176 389 1243 qua
412 1171 495 1219 nunc
517 1170 624 1217 sermo
645 1156 709 1214 est.
755 1146 854 1215 Certe
877 1169 940 1214 non
956 1150 1061 1236 magis
1076 1150 1142 1217 hac
1156 1152 1191 1217 in
1206 1168 1239 1217 re

157 1258 315 1324 recedere
348 1254 511 1321 debebant
548 1272 568 1318 a
604 1250 753 1335 diligenti
793 1248 922 1314 dicendi
960 1268 1109 1335 genere,
1152 1272 1241 1341 quan

107 1411 111 1415 .
155 1357 387 1424 Demosthenis
409 1356 511 1420 oratio
533 1373 591 1440 pro
613 1371 734 1417 corona
757 1372 777 1417 a
798 1351 934 1436 puhlicis
956 1351 1167 1420 deliberativi
1188 1372 1240 1441 ge·

156 1463 245 1526 neris
274 1457 485 1525 orationihus.
552 1457 658 1519 Recte
688 1454 785 1537 igitur
814 1459 849 1517 et
877 1451 1057 1538 Dionysius
1089 1461 1126 1521 el
1157 1456 1241 1523 llar-

157 1562 325 1647 pocralion
369 1558 527 1623 statuisse
565 1553 718 1620 videntur
751 1554 930 1619 orationem
976 1554 1060 1620 hanc
1098 1558 1239 1643 spuriam

158 1681 244 1727 esse.
309 1660 355 1722 At
386 1656 532 1741 antiqui,
564 1657 715 1743 inquies,
754 1655 799 1720 uti
833 1654 1047 1722 Philochorus
1087 1665 1123 1724 et
1161 1658 1244 1744 Hipe

54 1843 57 1849 Ι
156 1763 237 1848 pias,
259 1779 329 1825 earn
352 1760 392 1823 ab
415 1755 584 1823 Andocide
607 1757 760 1842 scriptam
776 1774 853 1821 esse
867 1762 1073 1823 censuerunt.
1119 1756 1242 1825 Vellem

156 1862 188 1927 id
212 1862 274 1927 viri
296 1859 383 1924 docti
413 1857 704 1923 demonstrassent.
748 1856 842 1938 Quod
872 1858 912 1923 ad
936 1859 1088 1944 Hippiam
1115 1861 1244 1951 altipet,

157 1965 230 2050 ipse
253 1961 422 2026 Beckerus
445 1954 499 2049 (in
522 1957 693 2024 Andocide
713 1979 744 2044 p.
770 1953 1245 2047 241.)1tuhnheniumretu-·

160 2066 245 2130 tavit
267 2070 300 2128 et
322 2060 484 2138 ostendit,
514 2057 715 2125 Clementem
740 2059 994 2145 Alexandrinum
1021 2056 1169 2149 (Strom.
1191 2060 1243 2141 vl,

160 2160 282 2255 624.)
309 2182 388 2230 esse
417 2162 471 2249 qui
501 2161 583 2227 haec
611 2165 736 2226 afferat.
804 2160 989 2227 Philochori
1016 2162 1110 2228 loeus
1137 2168 1243 2231 auten

158 2273 423 2336 commemoratos
460 2269 513 2328 est
542 2263 576 2326 in
605 2268 795 2355 argumento
826 2262 866 2327 ed
896 2262 980 2328 hanc
1010 2272 1091 2329 oret
1122 2266 1245 2353 scripto

158 2371 222 2436 ita:
267 2365 448 2450 Φιλόχορος
469 2367 527 2446 μὲν
547 2352 604 2428 οὖν
626 2367 708 2446 λέγει
730 2367 786 2428 καὶ
808 2366 921 2429 ἐλθεῖν
941 2362 1017 2440 τοὺς
1036 2364 1185 2451 πρέσβεις
1211 2372 1244 2432 dn

157 2473 419 2553 Λοκεὸαιμονιόνς
446 2468 503 2531 καὶ
524 2462 710 2550 ἀπράκτους
740 2463 899 2531 ἀπελθεῖν
924 2463 968 2546 μὴ
989 2469 1164 2547 πείσαντος
1188 2468 1243 2534 τοῦ

155 2571 352 2639 Ἀνδοκίδου.
398 2567 453 2634 Ex
476 2568 527 2633 his
556 2567 667 2632 verbis
693 2574 801 2634 autem
829 2569 874 2633 nil
903 2565 989 2634 aliud
1017 2573 1140 2656 poterit
1168 2570 1245 2637 coni

158 2675 257 2753 cludi,
288 2673 350 2738 nisi
381 2672 467 2748 hoc,
497 2668 697 2734 Andocidem
720 2689 759 2735 eo
784 2677 928 2755 tempore
950 2688 1064 2757 pacem
1086 2672 1243 2752 suasisse,

157 2777 218 2842 hoc
240 2782 347 2839 tamen
370 2772 497 2837 minime
520 2771 594 2835 inde
617 2778 785 2856 sequetur,
829 2790 900 2837 eum
921 2772 954 2836 id
978 2772 1038 2838 hac
1065 2773 1143 2860 ipsa
1172 2793 1244 2841 ow

157 2878 244 2941 tione
267 2875 397 2960 fecisse,
419 2872 452 2936 id
475 2871 559 2959 quod
576 2875 645 2957 jam
668 2872 838 2956 Kriigerus
860 2872 901 2938 ad
926 2873 1066 2939 Becker.
1081 2874 1241 2941 Andocid.

159 2999 190 3063 p.
207 2973 295 3040 255.
320 2974 561 3040 animadvertit.
607 2975 779 3060 Reliquum
803 2981 855 3039 est
878 2981 912 3039 ut
934 2975 976 3040 de
990 2974 1173 3061 Aeschine,
1194 2974 1243 3063 qni

158 3077 358 3145 Andocidem
380 3077 412 3140 in
436 3076 592 3141 orationis
614 3076 655 3142 de
677 3078 760 3143 male
781 3083 878 3162 gesta
904 3077 1069 3161 legatione
1089 3076 1158 3145 line
1188 3096 1244 3145 ses

158 3187 252 3247 cutus
273 3197 350 3244 esse
372 3178 503 3253 dicitur,
524 3178 686 3262 proleram
709 3177 785 3263 quid
807 3179 955 3243 sentiam.
1000 3177 1164 3265 Equidem
1185 3179 1244 3245 mi·

157 3284 241 3350 nime
264 3300 333 3345 cum
355 3279 505 3363 Kriigero
529 3280 548 3342 l.
572 3279 623 3344 all.
646 3298 766 3344 censeo
791 3280 985 3344 Aeschinem
1006 3281 1111 3347 verba
1135 3280 1243 3348 Ando-

158 3384 239 3450 cidis
261 3382 357 3468 idque
380 3381 464 3445 male
485 3380 716 3466 exscripsisse.
762 3380 867 3446 Valde
889 3381 973 3444 enim
1002 3383 1113 3447 mirum
1142 3388 1243 3465 esset,

157 3487 186 3551 si
209 3484 393 3550 Aeschines
428 3483 460 3546 in
489 3481 635 3547 oratione
664 3487 777 3546 contra
804 3481 1027 3547 adversarium
1055 3484 1244 3551 acerrimum

157 3586 269 3652 habita
290 3585 374 3649 alios
395 3590 544 3647 oratores
566 3583 650 3673 satis
672 3591 767 3648 notos
790 3589 854 3646 tam
868 3591 983 3668 aperte
998 3584 1244 3671 conscripsisset.

157 3688 276 3752 Nonne
297 3685 329 3749 id
351 3686 383 3750 ei
404 3683 552 3749 facillime
574 3693 609 3750 et
631 3703 752 3748 summo
769 3684 845 3766 jure
868 3691 997 3769 poterat
1018 3684 1059 3749 ab
1080 3685 1244 3752 adverse-⁶

155 3789 204 3854 rio
226 3786 397 3872 opprobrio
420 3785 506 3850 verti
529 3790 659 3872 totaque
683 3785 840 3850 orationis
863 3787 1040 3853 auctoritas
1053 3778 1242 3855 debilitari?

155 3888 196 3955 Si
217 3889 315 3971 igitur
337 3905 399 3951 non
422 3893 570 3983 statuere
591 3886 678 3952 velis
702 3884 881 3950 Andocidis
903 3887 1004 3953 locum
1033 3907 1077 3953 ex
1101 3887 1243 3955 Aeschi·

158 3990 209 4054 nis
229 3987 344 4054 verbis
367 4005 444 4052 esse
466 3987 633 4054 formatum
656 3985 752 4072 idque
773 4007 793 4053 a
816 4007 910 4054 manu
933 4008 998 4054 non
1020 3990 1152 4077 inepta,
1183 4008 1243 4077 po-

157 4091 222 4153 tius
250 4089 334 4152 hunc
362 4087 404 4153 de
434 4091 531 4154 rebus
555 4088 844 4172 Peloponnesiacis
874 4090 979 4156 locum
1009 4091 1056 4156 uti
1083 4090 1177 4158 locos
1202 4088 1241 4157 de
