2564 4508
457 116 730 182 ..αω-

44 294 166 376 ceptae
188 284 369 354 obsidionis
388 283 613 372 recedebant,
646 283 716 351 sed
742 282 796 349 illi
810 281 938 350 nonar
955 285 1134 350 versantes

46 396 173 456 sumtus
195 385 464 474 suppeditabant,
506 386 541 452 hi
562 385 720 453 obsidioni
740 385 925 453 incumbere
945 383 1137 472 pergebant.

46 491 154 557 Vides
174 488 251 566 inde
274 507 328 554 me
347 489 477 554 minime
496 489 655 575 probare,
696 486 785 573 quod·
809 493 886 572 post
908 482 1133 568 συμπτώματα
1157 541 1160 549 .

51 600 105 658 cst
114 594 362 679 interponebrm.
404 589 484 654 lbid.
504 587 539 654 ὅ.
552 589 679 672 corrige
688 589 722 654 dl
732 585 865 665 Ἰούνιος
878 593 912 654 et
927 585 963 652 7.
979 587 1014 650 dd
1024 582 1132 674 Ἔρυξ.

133 695 216 779 Cup.
243 694 357 774 LVII,
386 687 421 754 3.
454 686 604 776 produci
634 683 774 767 ἑααστηα
801 707 865 754 ser.
888 685 950 755 ‘oio'
981 693 1046 776 λα,
1072 685 1134 754 aed

53 799 152 882 χρεία.
183 800 219 860 ἐκ
246 792 342 867 facile
367 791 456 858 seres
484 792 625 877 itemque
654 794 784 873 LVIII,
812 789 848 854 b.
888 791 946 856 καὶ
970 784 1134 866 ἀήττητοι,

56 897 113 963 scd
133 900 202 962 non
217 891 254 960 6.
276 889 335 959 δύο
356 896 412 971 ἔτη
433 898 469 958 et
489 890 525 957 7.
545 912 589 958 ex
609 888 829 974 πολιτεύματα
848 890 903 956 fae
922 885 1135 970 uobtcripoez'.

56 996 143 1076 LIX,
165 993 202 1061 6.
232 982 291 1081 pro
312 990 350 1058 τὸ
371 997 467 1081 ἔργον
489 1010 553 1058 scr.
575 982 713 1078 corippus
745 999 780 1059 et
806 991 852 1058 ib.'
879 987 916 1058 6.
944 991 979 1056 in
1005 989 1134 1056 verbis:

58 1097 254 1183 τροτευρέθη
273 1093 294 1175 ἡ
314 1097 394 1183 πρὸς
412 1093 471 1174 τὴν
490 1097 674 1160 συντέλειαν
685 1144 689 1151 .
689 1097 764 1178 jure
785 1093 849 1160 viri
874 1091 964 1158 ducii
984 1089 1136 1177 ‚offende-

58 1205 127 1263 runl
146 1199 180 1263 in
199 1196 336 1262 arumde
355 1193 385 1277 ἡ,
405 1210 466 1282 pro
490 1216 553 1282 quo
575 1195 731 1262 Reisuius
750 1200 809 1261 aot
829 1192 925 1274 ἱκανὴ
944 1199 1001 1259 aut
1020 1191 1041 1272 ἡ
1061 1197 1133 1258 ino·
1241 1209 1243 1212 ·

59 1297 313 1378 aisudbcudunr
334 1315 412 1362 esse
434 1299 585 1363 censuit.v
618 1297 833 1363 casaubonus
860 1291 880 1373 ἢ
906 1315 965 1380 pru
993 1291 1014 1373 ἡ
1040 1293 1134 1360 dedit

61 1421 111 1486 pro
131 1400 334 1486 τροσεαρέθη
356 1401 535 1482 conjiciens
547 1401 650 1475 ’πλέον
668 1394 807 1484 cipido,
828 1400 864 1461 ot
885 1396 1051 1461 sententia
1071 1397 1132 1461 sit:

61 1509 92 1567 ul
108 1501 242 1588 amplios
263 1499 362 1566 etiam
383 1521 478 1588 quam
500 1520 581 1587 opus
603 1505 712 1580 esset,
742 1498 900 1590 pecuniae
921 1496 1137 1585 adinvenire

62 1609 115 1674 tur.
154 1605 313 1668 derecte
333 1602 368 1667 iu
389 1603 461 1668 cod.
484 1601 704 1668 B.=arliculos
721 1597 752 1678 i,
775 1597 829 1685 qui
849 1618 894 1665 ex
914 1599 1135 1686 praecedente
1164 1616 1186 1653 ἰ
1253 1682 1256 1689 ¹

63 1705 177 1790 syllaba
197 1704 355 1788 originem
377 1703 513 1770 duxisse
534 1701 676 1783 uidetur,
697 1708 753 1768 est
771 1699 929 1792 omissusp
950 1719 1012 1782 quo
1024 1701 1134 1768 deleto

63 1806 156 1872 onnia
178 1806 262 1873 bene
282 1792 422 1871 habenta
443 1803 635 1871 necessaris
652 1803 696 1870 ed
717 1802 908 1890 exequenda
921 1802 1058 1869 consilia
1072 1801 1134 1869 ad-

64 1904 206 1973 debantur
225 1907 444 1974 munificentia
459 1907 652 1992 principuus
693 1904 741 1971 Ib.
767 1903 828 1970 11.
848 1903 890 1971 de
910 1901 954 1969 τὰ
974 1900 1038 1970 ὅλα
1056 1902 1132 1991 quid

63 2009 255 2076 statuendum
276 2010 323 2075 sit
342 2028 442 2094 sopra
462 2006 540 2073 dixi.

135 2112 215 2196 Cup.
236 2112 317 2190 LX,
340 2107 377 2174 3.
399 2128 442 2174 ne
463 2107 591 2175 offeude
611 2111 645 2175 iu
662 2106 827 2175 Ἁναααα·
861 2107 897 2185 ὃς
917 2127 1022 2195 neque
1044 2106 1078 2174 7.
1099 2107 1134 2174 iu
1166 2176 1169 2181 ,

65 2206 176 2297 σκάφη·
197 2208 265 2289 driu,
280 2210 349 2277 sed
368 2211 409 2276 ib
431 2228 490 2296 pro
503 2211 547 2287 di,
569 2210 734 2286 proscribe
748 2207 777 2275 δ’
793 2206 844 2286 ὥς.
888 2209 1021 2277 Hiabrm
1035 2210 1132 2275 etiam

65 2309 139 2376 lenes
160 2313 192 2376 iu
212 2311 355 2377 foederis
376 2310 512 2377 formula
534 2313 646 2396 LXII,
669 2308 706 2375 Β.
728 2311 761 2375 iu
782 2313 939 2395 συνδοκῇ·
959 2310 1135 2394 Ἑκχωρεῖν
1198 2394 1200 2398 ¹

66 2416 93 2475 ct
108 2408 141 2476 9.
162 2413 196 2477 ln
217 2404 367 2477 τάλαντα
383 2407 554 2495 Εὐβοικὰ,
582 2412 646 2476 nisi
667 2411 721 2477 hic
749 2409 884 2478 τάλαντ’
910 2411 1017 2478 mavis
1047 2413 1133 2476 scri-

66 2509 140 2579 bere.
160 2514 288 2592 LXIII,
309 2509 345 2577 6.
369 2513 497 2596 corrige
518 2510 553 2575 dl
572 2517 617 2587 εἰς
638 2507 722 2576 ind'
744 2517 789 2586 εἰς
810 2519 846 2577 et
867 2515 995 2596 LXIV,
1024 2508 1054 2574 1.
1074 2531 1133 2596 pro

65 2615 119 2679 ἐστὶ
132 2610 168 2678 τὸ
191 2620 298 2679 αἴτιον
318 2614 426 2679 scribe
446 2614 534 2676 dorio
554 2617 662 2676 αἴτιοα
682 2611 794 2697 „quid
816 2613 977 2679 tandem
1005 2618 1070 2677 esi
1091 2613 1133 2677 iu

67 2722 212 2802 caosa‚“
233 2722 267 2780 et
289 2714 329 2780 cl.
352 2715 398 2791 V,
421 2711 494 2791 33,
515 2708 549 2776 6.
576 2706 649 2788 75,
672 2711 707 2776 5.
730 2715 788 2792 IX,
812 2709 881 2792 21·
894 2709 945 2798 4.,
966 2712 1080 2798 quibos
1100 2713 1133 2777 in

66 2809 132 2878 locis
151 2819 259 2880 αἴτιον
279 2832 343 2880 noo
365 2813 469 2898 magis
491 2833 562 2879 com
583 2811 720 2879 ordonio
742 2813 900 2878 scribitur.
929 2816 1077 2900 hxvll,
1099 2810 1133 2877 1.

67 2931 117 2978 uon
137 2916 282 2982 offendes
304 2918 347 2981 iu-
358 2914 403 2998 μὴ
426 2913 514 3004 οἷον,
557 2913 620 2980 sed
642 2911 676 2979 9.
701 2915 847 2998 corriges
867 2915 902 2979 dd
922 2919 1079 3001 ἑρμηνέων
1100 2921 1132 2980 el

18 3094 20 3109 Ι
66 3012 96 3082 ib.
116 3037 170 3100 pro
191 3019 252 3082 τοῦ
273 3015 375 3082 αὑτοῦ
398 3035 440 3081 cx
463 3017 515 3082 ed.
542 3017 575 3080 l.
600 3015 637 3080 2.
659 3011 716 3105 (io
738 3009 916 3105 contexto)
944 3030 1015 3081 cum
1042 3011 1134 3079 libris

18 3136 20 3147 ·
66 3132 128 3182 mss
149 3118 294 3183 omnibus
317 3123 463 3202 excepto
489 3119 572 3202 Aug.
603 3108 711 3182 scribe
737 3106 867 3183 ταύτοῦ.
910 3116 948 3183 ln
977 3117 1068 3200 Regi
1092 3117 1133 3182 A.

18 3174 23 3325 1
68 3218 250 3305 etquidem
273 3219 371 3283 etiam
392 3220 452 3282 τοῦ
474 3215 586 3296 αὐτοῦ,
609 3217 670 3283 sed
692 3219 821 3304 punctis
836 3216 999 3284 secundae
1015 3227 1049 3284 et
1063 3225 1136 3284 ter·-

18 3334 21 3407 3
69 3315 129 3382 tiae
144 3321 261 3385 literae
288 3317 451 3384 iudicatur
477 3319 682 3385 scribendum
709 3317 839 3384 ταύτοῦ.
882 3319 929 3385 lb.
961 3312 1026 3386 10.
1054 3320 1129 3386 ino

18 3410 21 3475 ἒ
65 3408 165 3484 Cloio
187 3419 318 3486 videtur
338 3420 496 3485 articulos
519 3422 677 3487 delendos
697 3439 794 3505 esse,
836 3420 896 3487 sed
921 3419 981 3485 13.
1003 3424 1059 3486 καὶ
1091 3428 1132 3488 εἴ·

18 3514 23 3605 s
69 3534 125 3582 κοσι
150 3520 256 3600 fereS‚
284 3521 331 3585 uti
352 3525 513 3606 LXVIII,
536 3522 570 3590 7.
598 3521 643 3605 μὴ
670 3521 757 3608 οἷον,
788 3543 852 3589 nou
872 3525 920 3588 ita
944 3521 1006 3587 10.
1028 3523 1063 3588 δὲ
1083 3519 1133 3587 ἀει

71 3635 92 3676 τι
108 3617 224 3686 καινόν.
267 3618 332 3686 Hic
353 3623 438 3688 enim
460 3624 534 3689 libri
556 3643 633 3719 mss.
666 3624 743 3689 Vat.
775 3624 858 3706 Aug.
884 3621 969 3708 Reg.
1000 3623 1041 3691 Α.
1070 3623 1134 3688 ho-

17 3714 21 3799 l
71 3711 131 3782 beni
150 3724 182 3786 ἔα
201 3747 266 3787 τιτι
285 3727 424 3802 καινῶν,
455 3723 540 3790 Flor.
562 3727 596 3789 ἔα
618 3746 681 3788 τιτι
704 3720 833 3802 καινόν,
863 3722 948 3790 Βαν.
967 3724 1070 3801 idem,
1099 3724 1132 3789 in

17 3822 20 3827 '
71 3811 241 3888 luctamen
270 3826 493 3909 superscripto
525 3825 585 3903 oio,
632 3824 719 3890 unde
746 3821 942 3912 Obsopaeus
969 3827 1071 3892 codic
1100 3830 1134 3889 do

15 3972 19 4061 ι
70 3931 117 3980 τιτι
148 3924 267 3989 καττῶν
298 3921 335 3988 du
362 3932 404 3990 net
433 3927 467 3991 in
501 3925 538 3990 B.
573 3919 609 3991 O.
641 3925 782 3994 effictum
815 3918 869 3992 cst
898 3930 933 3992 do
961 3950 1023 3990 ται
1057 3947 1133 3989 και-

72 4013 106 4094 bi
128 4017 171 4086 ὃν.
230 4022 428 4094 Aduerbium
456 4024 507 4093 cici
541 4033 649 4095 eutem
687 4026 848 4110 adiectum
871 4032 925 4092 est
958 4027 1130 4092 acasco-

15 4126 18 4143 '
882 4129 922 4190 14
