2564 4508
634 56 639 63 .
1148 62 1159 102 ρ
1269 72 1273 84 ,

465 167 508 180 ...
570 131 631 197 241
697 166 739 180 ...

47 306 107 383 X,
130 320 164 388 p.
186 294 278 367 440.
300 298 418 366 hausta
440 304 527 365 sunt.
569 299 680 383 Leges
702 299 744 364 ilr.
765 297 802 364 4.
825 301 883 366 cal
903 301 987 380 dori,
1013 304 1060 386 τῷ
1080 301 1145 369 Αλ-

49 405 242 488 γοσθενείῳ
267 393 410 487 χρῶνται
437 397 536 483 αὐτῷ.
568 399 602 464 o.
630 403 696 478 ἔχει
727 405 826 465 οἴνου.
862 397 899 466 6.
934 404 995 467 τοῦ
1019 400 1145 490 ἀνδρὸς.

12 530 17 543 ·
53 504 155 586 Quae
174 504 258 570 vitia
278 500 337 568 σοι’
355 502 397 567 ab
412 501 580 566 Athenaeo
603 501 705 566 verba
727 500 858 587 l'nlylrii
873 504 957 570 male
970 510 1145 593 repetente

53 592 113 671 ant
135 625 158 671 a
178 604 318 670 librariis
339 604 425 668 male
445 602 673 680 scribentibus,
695 608 786 668 certe
808 621 871 668 non
889 603 1056 690 aPolybio
1069 596 1146 671 sunl

52 698 217 792 prolecta
281 702 363 768 lbid.
385 703 457 797 10.
483 701 595 769 addita
622 709 698 769 sunt
725 701 883 789 quaedam
910 722 954 770 ex
983 702 1146 792 Excerpti

53 807 137 886 Yal.
183 804 221 869 lo
243 803 296 869 his
316 805 349 870 in
371 804 462 876 initio
483 795 602 870 Verba:
625 800 643 868 ὁ
664 803 864 888 Δημαράτου
878 805 937 869 τοῦ
950 802 1146 891 Κορινθίου

53 905 129 982 οἰὸς
144 911 219 992 post
231 901 373 982 Λεύκιος
392 906 433 971 ob
455 904 618 988 eclogario
640 903 751 970 addita
772 923 850 970 csse
871 904 1024 973 videntur
1043 906 1144 973 lecto-

53 1026 128 1071 rum
150 1005 271 1092 gratia,
292 1008 345 1092 qui
366 1025 450 1093 quac
470 1011 734 1086 antecesserant,
754 1004 788 1070 in
809 1005 945 1093 Polybio
965 1026 1030 1074 non
1051 1007 1146 1095 lege-
1225 1074 1228 1081 ,

51 1115 144 1174 rant.
189 1103 267 1193 Cap.
290 1107 355 1194 ΙΙΙ,
379 1103 415 1172 9.
437 1127 522 1172 nnnc
543 1110 651 1172 καίτοι
674 1103 744 1171 ovid
770 1106 895 1191 legitur.
937 1108 1146 1197 attornet
1222 1143 1225 1165 ·

53 1210 142 1294 Aug.
155 1210 187 1273 in
202 1214 356 1274 contextu
369 1209 425 1272 καὶ
439 1206 496 1286 τὴν
511 1204 592 1289 οὐδ’,
612 1207 672 1273 sed
695 1207 737 1272 id.
761 1207 848 1292 Aug.
866 1209 898 1273 in
914 1226 1014 1294 marg.
1029 1209 1145 1276 eadem

53 1328 156 1399 mann
175 1305 243 1375 ἀλλ’
274 1306 345 1373 οὐδ
370 1309 558 1395 ἰάουοοοιιι
580 1307 833 1374 ed.1.etMed.
853 1307 888 1373 in
909 1328 1008 1394 marg.
1032 1310 1143 1378 habet.

52 1412 150 1478 Idem
171 1416 301 1477 tuentur
321 1411 426 1493 Regg.
446 1408 534 1474 DE.
548 1406 655 1487 Oxon.
671 1415 705 1474 et
721 1408 814 1489 Leid.
855 1409 928 1474 lloc
948 1410 1046 1494 igitur
1067 1414 1144 1500 quin

52 1513 199 1597 recipias
220 1530 261 1576 ne
282 1509 402 1575 dubita.
424 1509 489 1598 lv,
512 1509 548 1576 8.
578 1512 612 1576 in
640 1509 777 1576 verbis:
819 1508 1084 1595 μεταβαλλούσης
1109 1514 1152 1580 dd

51 1610 175 1689 ταύτης
196 1616 240 1687 εἰς
260 1609 302 1676 τὰ
322 1612 454 1696 συμφυῆ
475 1609 574 1691 κακὰ,
595 1613 676 1694 λέγω
697 1608 726 1675 d'
747 1617 792 1687 ελς
816 1612 1020 1695 Τυραννίδα·
1040 1602 1144 1692 αὖθις

55 1719 93 1777 ἐκ
112 1715 169 1789 τῆς
190 1709 312 1776 τούτων
333 1709 538 1788 καταλύσεως
556 1710 805 1800 Ἀριστοκρατια
825 1709 962 1800 φύεται,
985 1730 1028 1780 ex
1049 1733 1141 1801 sequ.

55 1811 180 1877 τούτων
201 1814 345 1895 conjicio,
368 1812 532 1897 Polybium
555 1833 618 1879 non
637 1813 834 1898 Rpocm'doc,
857 1813 920 1878 sed
941 1802 1143 1900 Ίλιραννίδος

10 1906 22 1941 ³'
57 1913 202 1979 dedisse.
245 1915 329 1977 Nam
343 1913 373 1977 si
394 1913 582 1999 Τυραννίδα
603 1913 869 2002 scripsisset2ab
891 1933 931 1980 eo
952 1916 1050 1979 etiam
1065 1911 1143 1980 ταὺ-

59 2036 131 2100 της,
160 2032 224 2078 non
251 2011 393 2100 τούτων,
415 2014 448 2078 in
469 2014 510 2078 iis
532 2031 615 2098 quae
636 2019 816 2100 sequuntur
836 2014 1039 2080 scribendum
1060 2021 1144 2104 erat,

61 2116 133 2198 qnia
153 2119 216 2178 tum
239 2133 322 2200 qrrae
345 2115 426 2179 llaec
447 2121 586 2198 cognata
608 2115 693 2181 mala
714 2117 780 2180 sint
786 2163 797 2202 ‚
818 2115 1043 2200 ipsonomine
1064 2136 1143 2202 pro-

64 2216 128 2299 prio
149 2215 366 2298 significasset
387 2215 483 2302 idque
505 2217 691 2302 primarium
712 2221 805 2282 esset
825 2198 977 2295 verdum,
1009 2214 1051 2282 de
1079 2236 1142 2303 quo

66 2325 216 2398 ageretur.
261 2318 402 2383 Accedit
423 2317 507 2404 quod
529 2327 594 2383 tom
617 2319 715 2384 etiam
741 2337 805 2383 non
835 2313 924 2382 κακὰ
951 2317 1011 2383 sed
1039 2317 1145 2386 κακὸν

67 2414 316 2501 exspectassem.
341 2416 421 2505 Cap.
433 2419 474 2496 V,
488 2418 521 2484 1.
534 2416 763 2506 apostrophum
775 2437 859 2504 pone
873 2418 906 2483 in
919 2420 953 2482 δὲ
969 2416 1023 2484 niv.
1045 2419 1093 2484 lb.
1104 2418 1141 2485 5.

69 2515 97 2579 in
111 2519 233 2583 verbis:
254 2522 310 2584 καὶ
325 2516 423 2586 πάλιν
437 2519 591 2596 πολλάκις
609 2522 747 2586 ἔσεσθαι
761 2517 779 2585 ὁ
793 2515 889 2601 λόγος
905 2518 995 2605 αἱρεῒ
1005 2521 1142 2604 olfe'ndo,

69 2617 134 2700 qnia
147 2617 277 2684 docetur
292 2621 442 2697 interitus
459 2623 595 2687 omnium
610 2621 767 2685 hominurn
781 2620 913 2705 saepius
927 2639 1005 2686 esse
1018 2627 1138 2699 ventu·

71 2735 128 2795 ros,
149 2721 348 2806 conjicioqne
371 2722 536 2807 Polybium
559 2723 697 2786 dcccdccc
718 2716 872 2796 πολλάκις
893 2721 1085 2808 scripsisse,
1107 2729 1142 2789 ut

71 2821 220 2887 sententia
233 2823 294 2888 sit:
309 2828 344 2887 et
357 2818 414 2889 eos
427 2823 542 2887 ilerum
556 2842 633 2888 esse
644 2814 799 2886 venturos
814 2822 888 2886 'sive
904 2841 1002 2906 posse
1015 2824 1140 2903 venire,

73 2935 160 3004 saepe
189 2923 272 2988 ratio
302 2917 609 3013 (philosophorum)
639 2923 765 2987 suadet.
819 2920 868 2986 lo.
891 2922 930 2999 7,
957 2928 992 2989 ct
1016 2920 1053 2988 Θ.
1076 2944 1141 2990 non

72 3015 249 3102 inprobabis
271 3026 416 3109 uoloni,
450 3023 513 3089 sed
536 3021 571 3088 7.
595 3024 627 3087 in
649 3023 778 3088 verbis:
822 3019 1022 3106 ὅπερελνὸς,
1047 3024 1142 3096 κατὰ

73 3117 179 3187 τούτων
200 3129 244 3200 ελς
265 3123 303 3188 τὸ
325 3121 493 3211 ὁμόφυλον
514 3121 796 3206 συναγελάζεσθαι
811 3123 962 3208 Scaliger
983 3145 1041 3211 pro
1063 3122 1140 3212 ὅπερ

74 3222 196 3303 conjecit
217 3220 315 3308 ἄνερ,
348 3224 466 3289 deinde
486 3244 544 3310 pro
565 3223 653 3288 cord
674 3221 797 3288 τούτων
818 3244 931 3290 omnes
953 3221 1046 3291 codd.
1070 3246 1140 3293 cnm

73 3317 132 3383 edd.
148 3332 279 3409 praeter
293 3325 362 3390 eod.
377 3323 417 3390 E.
430 3321 518 3390 κατὰ
533 3327 630 3389 τοῦτο
644 3323 764 3391 habent
783 3333 817 3390 et
840 3324 891 3390 ed.
910 3323 944 3388 1.
968 3345 1038 3391 curn
1061 3334 1137 3392 cett.
1216 3327 1219 3331 ’

73 3417 131 3486 odd.
165 3425 282 3489 omittit
318 3431 370 3501 εἰς.
436 3421 580 3508 Conjioio
619 3425 717 3509 igitur
743 3425 911 3511 Polybium
945 3428 1140 3513 scripsisse:

71 3513 135 3606 ὅπερ
155 3531 240 3600 ιῖκος
262 3528 318 3589 καὶ
339 3523 377 3589 τὸ
398 3521 522 3589 τούτοιν
545 3520 753 3610 ὁμόφυλονκ.
766 3549 796 3590 τ.
811 3528 838 3590 λ.
862 3524 954 3607 Quod
970 3528 999 3591 si
1011 3522 1139 3593 staino-

68 3620 105 3689 ris
118 3625 271 3709 scriptum
292 3627 406 3706 fnisse,
427 3625 523 3690 focile
540 3625 625 3690 unde
651 3618 763 3690 celera
786 3632 856 3690 orta
878 3629 945 3692 sint
966 3628 1139 3712 intelliges.

139 3722 220 3809 Cap.
247 3726 271 3788 V
275 3723 310 3809 l,
332 3725 368 3791 λλ.
391 3727 424 3789 in
445 3726 580 3791 verbis:
622 3722 699 3807 μηδ’
725 3722 846 3804 ἀμύναι
867 3725 1011 3806 τούτοις,
1035 3726 1067 3792 ολ
1087 3734 1138 3792 ἐκ·

61 3830 200 3910 τρέφοιεν
221 3827 255 3890 in
276 3832 430 3892 contextu
452 3825 503 3890 ed.
524 3822 559 3889 1.
583 3823 715 3889 elMed.
738 3830 807 3888 estc
830 3822 878 3900 οἶς
899 3831 1081 3916 ἐκτραφείη,
1102 3831 1135 3892 in

59 3920 133 3990 Urlr.
156 3925 240 4010 Reg.
263 3925 306 3991 ll.
332 3924 436 3992 Onon.
460 3929 494 3989 et
514 3926 548 3989 in
570 3945 627 3990 ora
648 3923 700 3990 ed.
724 3922 756 3989 1.
779 3934 814 3992 et
835 3926 923 3992 llled.
954 3924 1003 4002 οἷς
1030 3932 1132 4010 corpe

10 4114 12 4121 Ι
54 4047 128 4110 por,
172 4027 208 4094 in
238 4033 392 4094 contextu
415 4027 500 4111 Aug.
529 4034 563 4093 ot
584 4027 618 4094 in
639 4046 697 4094 oro
718 4026 769 4092 ed.
795 4026 829 4093 l.
851 4036 885 4096 et
907 4025 995 4092 llled.
1018 4023 1067 4102 οἷς
1087 4031 1136 4090 ἐκ.

15 3832 19 3851 Ι
