2580 4514
469 88 965 241 'x-'or-'

163 300 240 366 Non
260 301 365 368 minus
386 302 578 389 corrIgenda
603 308 682 369 sont
708 322 791 390 qnae
817 302 968 391 leguntur
990 301 1062 391 30,
1083 305 1120 373 7.
1147 310 1247 375 τοῦτο

164 411 344 486 πέπρακται
364 407 435 469 νυνὶ
465 401 674 482 ὁπωςδόποτε.
717 406 782 471 llic
811 406 895 471 enim
924 405 1000 471 Par.
1019 407 1081 472 III.
1106 408 1156 475 V.·
1172 408 1246 477 Vll.

163 501 255 570 VIII.
278 505 363 589 Aug.
386 505 411 569 1.
433 505 538 590 suppl.
561 506 918 590 (tnAug.11.abest)
952 506 1029 573 Ald.
1059 508 1132 574 Ilel.
1157 510 1245 587 Man,

69 594 72 603 ’
165 608 214 687 (et
235 600 383 688 linger),
406 607 520 691 quibus
542 605 702 672 accedunt
717 594 770 692 dp.
784 605 900 690 Iliidig.¹
915 608 946 691 β.
960 608 985 687 ζ
1001 607 1099 675 Goth.
1114 608 1246 700 Dresd,

162 723 214 789 ap.
239 706 383 771 voemel.
410 707 529 771 Victor.
552 708 710 792 praebent
731 727 788 793 pro
809 710 879 772 νυνὶ
900 709 968 772 νῦν.
1012 708 1100 775 Οοὼ
1114 710 1163 776 Σ.
1183 730 1244 779 an-

162 809 228 870 tem
249 806 342 871 addit
364 812 438 891 post
458 810 528 873 νυνὶ
548 809 658 894 τοῦτο,
680 809 787 873 omisit
808 814 915 875 tamen
938 817 1137 894 ευρτυτέως,
1160 813 1244 899 qnod

161 905 304 970 sortasse
325 908 400 972 Inde
423 915 476 973 est
497 915 620 987 ortum,
662 910 736 994 quia
767 916 845 984 τέως
872 917 943 975 erat
963 912 1048 977 male
1069 912 1190 979 lectann
1210 919 1244 981 ol

163 1024 235 1070 corn
255 1009 352 1071 τοῦτο
375 1015 605 1095 permutatum
648 1010 734 1075 unde
763 1010 817 1075 alii
845 1018 1011 1097 utrumque
1040 1017 1076 1077 et
1102 1020 1182 1089 τέως
1209 1021 1243 1081 ct

161 1108 260 1170 τοῦτο
282 1108 468 1174 scribebant
490 1115 524 1173 ct
544 1111 640 1174 τουτο
664 1116 737 1196 post
758 1113 828 1175 νυνὶ
849 1110 998 1176 delebant
1022 1117 1170 1191 (erasum
1192 1122 1244 1183 est
1267 1192 1270 1200 ,

161 1226 282 1273 revera
302 1209 335 1273 in
357 1210 394 1272 Il.
411 1218 492 1295 post
512 1213 582 1275 νυνὶ
604 1213 797 1297 quippiam),
826 1212 883 1276 alii
903 1217 978 1289 τέως
1000 1215 1192 1282 omittebant
1208 1224 1243 1285 et

161 1310 399 1375 τοῦτο-τουτο
426 1312 511 1378 male
538 1313 721 1379 retinebant
748 1313 812 1393 (uti
833 1312 880 1375 Σ.
909 1319 944 1379 et
971 1313 1154 1397 Bovario
1181 1337 1242 1405 qno

160 1416 238 1486 τέως
260 1415 313 1475 est
334 1431 433 1496 sopra
454 1414 609 1499 scripturn
631 1420 665 1478 et
684 1411 723 1477 F.
743 1413 777 1476 in
799 1430 861 1498 quo
882 1423 957 1486 τέως
979 1422 1033 1479 est
1053 1435 1116 1482 orn.
1138 1423 1175 1483 ct
1192 1419 1242 1485 nl-

140 1505 264 1576 'terum
291 1513 404 1590 τοῦτο,
433 1517 479 1578 uti
507 1513 651 1591 videtur,
679 1519 836 1592 erasnm).
881 1511 973 1593 Quae
998 1516 1028 1580 si
1055 1536 1137 1583 vera
1157 1526 1242 1605 sunt,

160 1617 237 1686 τέως
259 1632 329 1676 cnm
350 1613 504 1679 Beklrero
526 1614 697 1701 retinebis,
740 1613 800 1678 sed
825 1615 940 1687 τοῦτο,
983 1615 1069 1701 quod
1096 1620 1243 1705 sequitur

160 1719 237 1797 post
257 1715 328 1776 νυνὶ
350 1714 452 1799 (qnod
475 1717 557 1781 bene
578 1703 703 1794 habet)¹
723 1714 896 1779 collocabis
922 1714 1084 1793 etJooo’.
1103 1720 1240 1789 scribes

161 1808 340 1878 Collocatio
362 1815 552 1881 insolentior
571 1817 618 1882 ita
639 1817 703 1881 erit
724 1815 933 1901 explicanda,
977 1823 1011 1883 nt
1038 1838 1163 1885 summa
1189 1816 1241 1889 vis

34 1954 50 1993 u
160 1912 239 1978 insit
277 1915 377 1979 verbo
407 1922 586 1998 πέπρακται
614 1917 762 2002 opposito
789 1914 952 2000 ἐθρύλουν
984 1925 1018 1984 et
1054 1921 1241 1989 sententia:

159 2016 280 2080 factum
303 2021 356 2079 est
375 2035 459 2080 nnnc
482 2018 543 2082 boc
565 2037 751 2103 quocunque
772 2019 876 2083 modo.
898 2055 937 2065 -
959 2018 1007 2086 lo,
1030 2019 1099 2101 37,
1122 2018 1188 2089 33.
1209 2024 1249 2089 in.

160 2118 294 2185 verbis:
336 2121 364 2180 εί
390 2119 504 2200 μείζων
531 2115 652 2183 εἰπόντι
679 2121 749 2199 ἐμοὶ
778 2125 903 2199 γένοιτο
924 2117 1001 2204 παρ’
1027 2118 1115 2202 ὑμῶν
1134 2120 1242 2208 βλάβη

160 2223 225 2285 τῶν
253 2216 470 2297 πεποιηκότων
498 2239 569 2285 oum
590 2219 728 2305 Dionys.
750 2219 825 2285 IIaI.
854 2242 910 2300 μοι
939 2239 997 2304 pro
1023 2225 1096 2302 ἐμοὶ
1123 2224 1240 2291 scribe.

161 2321 254 2402 Quod
277 2321 360 2388 enim
382 2318 581 2386 Schaeferns
602 2321 754 2406 opponit,
776 2320 1011 2405 oppositionem
1032 2341 1122 2404 esse,
1140 2324 1179 2391 id
1199 2325 1240 2393 de

159 2425 272 2491 verbis
293 2429 390 2487 εἰπεῖν
411 2430 446 2487 et
467 2431 569 2486 ποιεῖν
591 2429 644 2486 est
665 2420 920 2496 concedendum,
945 2442 1010 2488 non
1036 2422 1085 2489 ila
1106 2424 1241 2509 deinoi

159 2533 194 2591 et
212 2523 307 2608 ὑμῶν.
352 2523 483 2587 Poteris
504 2520 538 2586 id
559 2521 677 2607 optime
698 2521 774 2587 inde
795 2521 995 2609 intelligere,
1013 2522 1097 2607 qnod
1119 2546 1242 2609 prono-

157 2626 244 2692 mine
264 2626 336 2708 ἐμοὶ
357 2624 476 2689 omisso
498 2621 604 2688 omnia
625 2623 708 2687 bene
729 2620 859 2688 habent.
908 2621 973 2687 Est
994 2622 1077 2687 enIm
1098 2627 1242 2689 tantum·

157 2728 252 2793 modo
283 2715 450 2811 additum,¹
483 2730 517 2789 ut
553 2722 776 2807 significetur:
809 2723 972 2810 loquenti,
1013 2721 1117 2787 veluti
1155 2724 1240 2791 nnn

49 2802 56 2819 ι
159 2825 230 2894 Sed
254 2825 303 2892 33
312 2872 322 2906 ,
345 2825 405 2890 17.
427 2827 461 2890 in
482 2824 610 2890 verbis:
638 2829 666 2889 εί
693 2824 727 2889 dd
752 2822 841 2887 τοῦτ’
866 2827 963 2889 ἐποίει
992 2823 1147 2899 ἕκαστος,
1173 2827 1241 2891 ἐνί-

159 2951 225 2992 κων
253 2925 312 3006 ἂν,
354 2925 428 2991 libri
456 2945 537 2992 mss.
564 2945 630 2991 non
658 2925 810 3002 variant,
851 2930 959 2990 tamen
986 2922 1241 2993 Demosthenen

160 3033 258 3094 ἐποίει
280 3031 416 3102 ἕκαστος
438 3028 613 3112 scripsisse
634 3045 699 3092 non
721 3026 938 3104 crediderim,
979 3024 1124 3091 fortasse
1152 3024 1243 3095 dedit

159 3133 288 3194 ἐποίουν
300 3131 446 3207 ἕκαστος,
469 3129 553 3213 quod
570 3146 660 3214 sequ.
673 3131 785 3192 ἐνίκων
799 3126 912 3192 melius
934 3126 1031 3191 etiam
1052 3126 1241 3212 respondet·

158 3265 201 3278 —
224 3228 344 3296 Cetera
366 3231 504 3314 deniqne
526 3246 609 3313 qnae
630 3228 781 3312 leguntur
802 3227 958 3310 ejusmodi
969 3227 1052 3292 villa
1064 3228 1168 3294 veluti
1180 3224 1241 3305 ab,

158 3328 194 3397 4.
216 3337 324 3415 τρίτον
346 3329 366 3411 ἢ
386 3339 539 3417 τέταρτον
554 3332 636 3419 ιἔτος
655 3332 747 3393 τουτὶ
764 3326 900 3415 Ἡραῖον
928 3336 1034 3404 τεῖχος
1062 3320 1242 3415 πολιορκῶν

159 3437 216 3499 aut
243 3433 285 3498 ib.
314 3432 348 3499 5.
379 3427 569 3505 διελθόντος
601 3431 661 3494 τοῦ
686 3431 836 3494 ἐνιαυτοῦ
866 3425 985 3493 τούτου
1015 3429 1242 3512 lamentator

159 3541 217 3599 aut
239 3530 307 3613 34,
330 3530 392 3598 20.
419 3528 668 3622 ὲλλείποντόςτι
688 3527 730 3595 δι’
762 3531 884 3595 abortae
903 3526 1077 3614 χρημάτων
1096 3530 1164 3595 τῶν
1182 3530 1262 3620 τοῖνΙ

159 3636 300 3716 πολέμου
327 3631 461 3719 εὐχερῶς
488 3628 691 3696 τὰτοιαῦτα
718 3636 798 3713 (sor.
819 3628 967 3712 τοιαῦτ’)
997 3627 1102 3707 όνείδή
1133 3639 1241 3717 φέρειν

160 3738 196 3800 et
220 3733 287 3814 33,
311 3732 371 3799 19.
392 3730 620 3816 θαυμάζοντι,
663 3738 739 3798 sont
766 3751 883 3817 pansa,
923 3750 1005 3818 qnae
1027 3732 1060 3797 in
1081 3730 1242 3817 loquendo

55 3908 57 3915 ¹
158 3835 210 3925 Iit,
231 3835 436 3912 excusanda,
456 3833 541 3899 unde
558 3832 717 3898 Reiskius
740 3833 848 3899 ultimo
870 3837 1009 3918 excepto
1032 3832 1103 3898 loco
1126 3832 1242 3919 ubique

162 3942 198 4002 et
218 3942 294 4022 post
314 3937 405 3999 τουτὶ
427 3941 461 4001 et
482 3939 557 4019 post
577 3931 695 3998 τοότου
717 3939 752 4000 et
774 3941 848 4019 post
868 3936 1011 4016 πολέμου
1032 3932 1244 4019 interpunxit,

162 4037 222 4103 sed
239 4037 353 4103 eodem
362 4037 437 4120 jore
449 4040 579 4122 poterat
590 4041 666 4122 post
679 4033 840 4117 θαυμάζω
861 4035 1103 4120 interpungere.
1147 4030 1242 4116 Quod
