2580 4514
488 165 528 199 .’..
593 148 762 222 429,-

78 315 514 389 sidiurumstudiusis
535 315 700 404 amicis3
732 314 796 387 buc
817 333 857 383 se
876 314 972 383 malle
993 315 1083 383 dicit.
1125 316 1174 382 At
1232 360 1235 365 -

81 417 365 506 wyttenbachius
385 416 489 481 lucum
511 417 597 483 mule
618 417 794 505 intellexit,
815 435 909 502 quem
931 416 1029 482 multu
1050 417 1174 483 rectius

74 518 676 605 pumErasmusintcrpretutusest:
719 516 880 584 Deinde
901 517 971 596 iit,
1011 524 1175 604 utpro-

81 628 182 706 pter
214 617 531 684 assuetudinem
564 617 714 685 iisdem
747 627 904 685 utumur
931 621 971 683 iu
1002 618 1185 696 amicus,.

80 722 164 787 nisi
188 718 704 801 caverimusiuiuimicos
727 721 795 792 uti.
830 725 864 786 ei
898 720 1088 808 Xylander,
1120 720 1176 806 qui

78 822 199 889 vertit:
222 839 329 905 quse
352 817 517 910 (incinere
541 815 667 906 prava)
691 822 774 886 uisi
796 840 1001 908 usurpare
1023 820 1175 887 adver-

75 943 153 988 sus
192 921 392 985 iuimicus
437 938 678 1004 caveamus,
721 922 827 987 victi
869 921 1177 1009 consuetudi-ue

74 1022 300 1108 postmodo
322 1023 442 1086 etiam
464 1020 510 1085 ud
533 1023 685 1086 umicus
716 1024 1028 1090 transierimus.
1075 1023 1174 1088 Putet
1262 1053 1265 1057 ·

74 1131 188 1190 eutem
213 1121 288 1187 iude
310 1142 369 1207 pru
382 1118 486 1186 αὐτοὶ
508 1123 623 1186 melius
645 1122 710 1206 legi
733 1119 860 1211 αὐτοῖς,
883 1125 928 1188 uti
950 1124 1048 1189 etium
1071 1121 1174 1189 Erus·

74 1244 150 1291 mus
166 1223 282 1289 vertit.
314 1220 421 1295 Αὐτοὶ
435 1230 526 1288 certe
549 1222 644 1288 lucile
666 1229 699 1288 et
721 1222 860 1288 libenter
874 1242 1031 1302 curemus,
1054 1225 1174 1291 cumin

74 1323 355 1413 praecedentibus
377 1342 491 1388 nomeu
513 1342 577 1388 uon
594 1323 693 1410 ndsit,
717 1321 760 1388 erl
773 1324 854 1407 qruud
868 1325 1039 1406 reseratur,
1056 1332 1173 1391 etcum

74 1427 117 1495 ud
132 1447 303 1512 χρωοται
294 1422 475 1499 subrectum
491 1425 657 1509 singulare
670 1438 741 1489 uun
751 1423 965 1496 desideretur
990 1425 1100 1491 cxl.
1111 1422 1174 1492 92
1239 1502 1244 1509 ,

74 1529 95 1595 λ.
121 1525 297 1611 denique
290 1543 322 1588 in
343 1524 476 1588 verbis:
498 1521 572 1588 ἀλλ
598 1523 880 1610 ἑαιτυφλοῦται
848 1551 886 1591 το
908 1527 1026 1612 φιλοῦν
1044 1523 1168 1611 περὶ
1135 1551 1174 1592 το
1231 1512 1238 1522 ’

74 1624 300 1746 φιλούμενον,
340 1619 383 1698 ὥς
405 1648 504 1740 φησιν
526 1621 543 1688 ὁ
565 1620 730 1705 Πλάτων,
773 1630 831 1692 καὶ
851 1633 1029 1715 παρέχουσι
1049 1628 1175 1705 μᾶλλον

74 1725 155 1810 υμῖν
186 1729 219 1791 οἱ
247 1721 412 1804 ἐχθροὶ’
393 1726 651 1806 ασχημουοῦατες
683 1727 854 1806 αἴσθησιν.
890 1731 943 1795 δεῖ
963 1729 1001 1792 δὲ
1025 1724 1117 1809 μήτε
1135 1725 1175 1793 τὸ

75 1835 202 1909 χαῖρον
223 1821 271 1910 ἐφ’
298 1821 347 1900 οἷς
367 1821 757 1914 ἁμαρταυοῦσιυ,ἰὶργόυ
779 1826 874 1909 εἶναι,
894 1826 974 1910 μήτε
994 1825 1032 1893 τὸ
1054 1826 1173 1897 lunon-

75 1932 180 2011 μουου
207 1923 261 2012 ἐφ’
288 1922 337 2002 οἷς
357 1926 601 2012 κατορθοῦσιν,
632 1927 766 2010 primum
787 1930 959 2017 Wytteub.
983 1948 1042 2016 pro
1064 1935 1175 1995 ὲκιτυ·

75 2033 239 2118 φλοῦται,
260 2046 319 2113 pru
341 2045 402 2112 quu
425 2025 584 2091 Beislrius
600 2028 668 2110 jum
689 2027 937 2117 ἀτιοιοφλοῦται
957 2034 1014 2096 uut
1034 2030 1174 2117 simplex

75 2131 262 2219 τυφλοῦται
279 2128 399 2214 maluit,
420 2133 513 2193 recte
528 2129 672 2195 correxit
692 2132 759 2196 incl
772 2131 965 2218 τυφλοῦται.
990 2130 1172 2199 V.Plet0n.

75 2233 134 2320 qui
156 2236 271 2298 uuctur
293 2235 346 2295 est
368 2229 461 2313 hujus
483 2230 666 2296 sententiae
696 2230 739 2296 de
768 2232 871 2316 Legg.
895 2231 943 2318 V,
965 2229 1055 2296 606.
1077 2252 1106 2299 c.
1139 2239 1174 2300 et

75 2331 248 2400 Plutarch.
272 2328 337 2396 48.
360 2328 401 2415 t,
446 2329 477 2393 in
510 2329 625 2415 quibus
659 2331 798 2416 simplex
830 2332 1012 2417 τυφλοῦται
1045 2333 1174 2418 legitur.

75 2431 278 2501 Ileiudeor
236 2449 278 2517 eg
279 2451 297 2495 ο
319 2432 352 2495 in
375 2429 516 2495 dictiuue
538 2431 685 2496 offendo·
706 2437 883 2516 παρέχουσι
903 2434 1028 2514 μαλλον
1049 2435 1173 2513 αἴσθη-

77 2556 166 2613 um,¹
195 2533 259 2598 uisi
290 2531 437 2609 additur,
479 2533 572 2615 cujus
600 2534 663 2599 rci
679 2553 812 2600 sensum
845 2533 950 2618 magis
981 2535 1173 2619 praebeant

77 2633 164 2701 lude
187 2633 292 2698 malim
314 2651 372 2718 pru
394 2628 654 2713 ἀσχημονοῦντες
674 2636 741 2720 legi
761 2638 821 2701 τοῦ
834 2632 1133 2715 ἀσχηαοαοῦοτοςί.
1144 2655 1174 2703 e.

78 2738 174 2821 ejus
207 2733 316 2821 quud
343 2740 461 2820 turpe
483 2753 527 2800 se
549 2736 755 2820 praebeat
800 2733 876 2801 Καὶ
897 2739 962 2800 tum
984 2735 1025 2800 ud
1047 2737 1173 2811 μᾶλλον

79 2837 248 2924 pertinet,
276 2835 323 2901 itu
345 2841 379 2900 ut
400 2840 471 2900 tuta
492 2835 557 2909 istu
586 2837 768 2905 sententia:
796 2836 949 2901 inimici
983 2837 1176 2904 efficiunt

79 2946 124 3004 ut
145 2937 275 3021 magis
298 2937 424 3002 etium
443 2936 672 3002 sentiamus
694 2937 786 3023 quid
819 2945 944 3023 turpe
973 2938 1049 3028 sit,
1092 2958 1175 3025 npu-

79 3039 174 3105 dosis
195 3040 248 3103 sit.
293 3035 384 3117 Quae
407 3037 436 3100 si
458 3036 587 3121 probas
610 3038 641 3102 iu
663 3039 706 3102 iis
727 3058 810 3124 quae
831 3045 1008 3124 sequuntur
1029 3046 1105 3126 pust
1125 3043 1179 3106 δεῖ

79 3142 190 3207 retine
212 3139 262 3215 δὲ,
285 3136 370 3222 qued
392 3137 568 3220 Wytteub.
590 3156 609 3202 e
632 3138 724 3203 codd.
749 3141 790 3203 A.
811 3138 848 3202 Β.
872 3137 914 3205 Ε.
939 3139 1074 3207 delevit.
1102 3138 1179 3217 Sed,

78 3239 119 3306 τὸ
138 3249 275 3325 χαῖρον,
319 3237 403 3323 quud
426 3238 522 3303 etium
544 3238 647 3304 Mose.
671 3236 704 3303 Β.
728 3235 810 3307 coll.
830 3239 913 3305 Mur.
935 3238 1068 3309 Schntt.
1087 3227 1184 3313 June.

79 3347 147 3406 not.
181 3341 288 3404 Auuu
319 3338 407 3403 Men.
436 3340 474 3404 T.
497 3338 536 3402 V
563 3338 598 3403 Β.
625 3359 696 3407 cum
717 3341 876 3409 Huttcuiu
908 3347 1060 3424 tuentur,
1104 3364 1176 3411 cum

78 3440 258 3527 Wytteub.
280 3441 400 3525 proba,
430 3439 484 3525 qui
506 3446 615 3507 tumen
637 3440 856 3526 vulgatum
824 3467 863 3508 το
881 3448 1010 3532 χοίρεια
1031 3446 1173 3513 retinuit.

79 3539 238 3627 Sequitur
263 3547 371 3606 autem
392 3539 431 3605 τὸ
453 3539 662 3622 λυπου.μοαοα

141 3691 215 3857 Ιέοο
237 3691 336 3775 igitur
357 3693 391 3757 iu
419 3692 498 3758 libru
527 3698 596 3757 tres
617 3691 790 3776 graviores
812 3693 920 3760 hictus
942 3702 1037 3762 eruut
1059 3713 1175 3761 emcn—
1251 3760 1254 3767 .

79 3794 143 3859 dun
170 3793 190 3857 i.

162 3945 201 4009 ln
231 3944 313 4009 libro
348 3944 395 4009 de
424 3945 637 4013 amicorum
666 3944 940 4012 multitudiue
976 3944 1083 4011 nullus
1119 3952 1174 4011 est

77 4045 188 4113 bintus
210 4047 264 4130 qni
286 4045 451 4112 offendere
481 4048 596 4130 pessit.
639 4048 724 4114 Num
756 4045 910 4113 dedicio
942 4046 1025 4121 alius
1058 4063 1084 4109 c.
1117 4045 1177 4111 Vl.
